%%
%% This is file `amsxport-options.bib',
%% generated with the docstrip utility.
%%
%% The original source files were:
%%
%% amsxport.dtx  (with options: `options')
%% 
%%% ====================================================================
%%% @BibTeX-source-file{
%%%   filename  = "amsxport.dtx",
%%%   version   = "1.05",
%%%   date      = "2002/01/30",
%%%   time      = "15:16:33 EST",
%%%   author    = "Michael J Downes",
%%%   address   = "American Mathematical Society,
%%%                Publications Technical Group,
%%%                PO Box 6248,
%%%                Providence, RI 02940,
%%%                USA",
%%%   email     = "tech-support at ams.org",
%%%   URL       = "http://www.ams.org/",
%%%   abstract  = "The BibTeX style file amsxport.bst produces .bbl
%%%                entries where most of the database structure is
%%%                retained. This is intended for processing by a smart
%%%                bibliography package such as the amsrefs package.",
%%%   checksum  = "07988 1902 7374 54746",
%%%   docstring = "The checksum field, produced by Robert Solovay's
%%%                checksum utility, gives CRC-16 checksum, lines,
%%%                words, and characters.",
%%%  }
%%% ====================================================================


@bst-option{[citation-star]}
@bst-option{[citation-order]}
@bst-option{[verbose]}
%% 
%%
%% End of file `amsxport-options.bib'.
