%%%  BibTeX-file{
%%%     author          = "Karl Berry",
%%%     version         = "1.30",
%%%     timestamp       = "Thu Jan 13 17:17:04 EST 1994"
%%%     filename        = "kbmath.bib",
%%%     address         = "135 Center Hill Rd.
%%%                        Plymouth, MA 02360
%%%                        USA",
%%%     checksum        = "25836 3138 9940 88087",
%%%     email           = "karl at cs.umb.edu (Internet)",
%%%     codetable       = "ISO/ASCII",
%%%     keywords        = "bibliography signal processing",
%%%     supported       = "yes",
%%%     docstring       = "This bibliography collects papers on
%%%                        mathematics (rather broad, I know).  It
%%%                        uses string names defined in journal.bib and
%%%                        publish.bib.
%%%
%%%                        The checksum field above contains a CRC-16
%%%                        checksum as the first value, followed by the
%%%                        equivalent of the standard UNIX wc (word
%%%                        count) utility output of lines, words, and
%%%                        characters.  This is produced by Robert
%%%                        Solovay's checksum utility.",
%%%  }

@Preamble{"\ifx\undefined\allcaps\def\allcaps#1{#1}\fi \def\gobble#1{}"}

@article{Saffari:CRAS-304-127,
  author = "B. Saffari",
  title = "Structure alg{\`e}brique sur les couples de {R}udin-{S}hapiro.
           Probl{\`e}me extr{\'e}mal de {S}alem sur les polyn{\^o}mes
           {\`a} coefficients $\pm1$",
  journal = j-cr-acadsci-paris,
  volume = 304,
  pages = "127-130",
  year = 1987,
}

@article{Benke:PAMS-113-757,
  author = "G. Benke",
  title = "On the minimum modulus of trigonometric polynomials",
  journal = j-proc-ams,
  volume = 114,
  number = 3,
  month = mar,
  year = 1992,
  pages = "757--761"
}

@article{Benke:JFAA-ta,
  author = "G. Benke",
  title = "Generalized {R}udin-{S}hapiro systems",
  journal = "Journal of Fourier Analysis and Applications",
  year = "To appear"
}

@Article{Franklin:ACA-30-698,
  author =       "J. Franklin",
  title =        "Ambiguities in the {X}-ray Analysis of Crystal
                 Structures",
  journal =      j-acta-crystal-a,
  volume =       "30",
  pages =        "698--702",
  year =         "1974",
}

@Book{Townshend:81,
  author =       "John R.G. Townshend",
  title =        "Terrain Analysis and Remote Sensing",
  year =         "1981",
  publisher =    "George Allen \& Unwin",
  address =      "London",
}

@Book{Sabins:78,
  author =       "F.F. Sabins",
  title =        "Remote Sensing Principles and Interpretation",
  year =         "1978",
  publisher =    pub-freeman,
  address =      pub-freeman:adr,
}


@Book{Meyer:OO-90,
  author = "Y. Meyer",
  title = "Ondelettes et Op{\'e}rateurs",
  year = 1990,
  publisher = pub-hermann,
  address = pub-hermann:adr,
}

@Book{Hurt:PRZ-89,
  author =       "N.E. Hurt",
  title =        "Phase Retrieval and Zero Crossings",
  publisher =    pub-kluwer,
  address =      pub-kluwer:adr,
  year =         "1989",
}

@Article{Patterson:PR-65-195,
  author =       "A.L. Patterson",
  title =        "Ambiguities in the {X}-ray Analysis of Crystal
                 Structures",
  journal =      j-phys-rev,
  volume =       "65",
  number =       "5",
  pages =        "195--201",
  year =         "1944",
}

@Article{Rosenblatt:SADM-3-343,
  author =       "J. Rosenblatt and P.D. Seymour",
  year =         "1982",
  title =        "The Structure of Homometric Sets",
  journal =      j-siam-alg-disc-meth,
  volume =       "3",
  pages =        "343--350",
}

@Article{Schelkunoff:BST-39-80,
  author =       "S.A. Schelkunoff",
  title =        "A Mathematical Theory of Linear Arrays",
  journal =      j-bell-sys-tech,
  volume =       "39",
  pages =        "80--107",
  year =         "1960",
}

@Book{Bari:TCR-61,
  year =         "1961",
  author =       "Nina Bari",
  title =        "Trigonometri{\v c}eskie {R}yadi",
  publisher =    "Gos. izd-vo fiziko-matematicheskoi lit-ry",
  address =      "Moscou",
}

@Article{Bramble:MC-55-1,
  author =       "J.H. Bramble and J.E. Pasciak and J. Xu",
  title =        "Parallel multilevel preconditioners",
  journal =      j-math-comp,
  year =         "1990",
  volume =       "55",
  pages =        "1--22",
}

@InCollection{Chui:MAI-90-11,
  crossref =     "Haussmann:MAI-90",
  author =       "C.K. Chui",
  title =        "Construction and Applications of Interpolation
                 Formulas",
  pages =        "11--23",
}

@InCollection{Benedetto:ISF-92-445,
  crossref =     "Chui:IW-92",
  author =       "John Benedetto",
  title =        "Irregular Sampling and Frames",
  pages = "445-507",
}

@Misc{Benke:ELD-pre,
  author =       "George Benke and W.J. Hendricks",
  title =        "Estimates for Large Deviations in Random
                 Trigonometric Polynomials",
  note =         "Preprint",
}

@Article{Byrnes:ASSP-36-1783,
  author =       "J.S. Byrnes",
  title =        "A Notch Filter Employing Coefficients of Equal
                 Magnitude",
  journal =      j-ieee-assp,
  volume =       "36",
  number =       "11",
  year =         "1988",
  pages =        "1783--1784",
}

@Article{Byrnes:BLMS-9-171,
  author =       "J.S. Byrnes",
  title =        "On Polynomials with Coefficients of Modulus One",
  journal =      "Bull. London Math. Soc.",
  volume =       "9",
  year =         "1977",
  pages =        "171--176",
}

@Book{Urick:PUS-83,
  author =       "Robert J. Urick",
  title =        "Principles of Underwater Sound",
  publisher =    pub-mcgraw-hill,
  address =      pub-mcgraw-hill:adr,
  year = 1983,
  edition = "3rd",
}

@Book{Chui:IW-92,
  editor =       "C.K. Chui",
  title =        "An Introduction to Wavelets",
  booktitle =    "An Introduction to Wavelets",
  publisher =    pub-acad-pr,
  address =      pub-acad-pr:adr,
  year =         "1992",
}

@InCollection{Chui:CCS-90-137,
  crossref =     "Dahmen:CCS-90",
  author =       "C.K. Chui",
  title =        "Vertex Splines and Their Applications to
                 Interpolation of Discrete Data",
  pages =        "137--181",
}

@Book{Dahmen:CCS-90,
  editor =       "W. Dahmen and M. Gasca and C.A. Micchelli",
  title =        "Computation of Curves and Surfaces",
  booktitle =    "Computation of Curves and Surfaces",
  publisher =    pub-kluwer,
  year =         "1990",
  address =      pub-kluwer:adr,
}

@Book{Frazier:LPT-91,
  author = "M. Frazier and B. Jawerth and G. Weiss",
  title = "Littlewood-{P}aley Theory and the Study of Function Spaces",
  series = "{CMBS} Regional Converence Series 79",
  publisher = pub-ams,
  address = pub-ams:adr,
  year = 1991,
}

@InCollection{Auscher:WTTA-92-237,
  author = "P. Auscher and G. Weiss and M.V. Wickerhauser",
  title = "Local sine and cosine bases of {C}oifman and {M}eyer and the
           construction of smooth wavelets",
  crossref = "Chui:WTTA-92",
  pages = "237-256",
}

@Article{Chui:NM-58-569,
  author =       "C.K. Chui and H. Diamond",
  title =        "A general framework for local interpolation",
  journal =      j-num-math,
  year =         "1991",
  volume =       "58",
  pages =        "569--581",
}

@InCollection{Chui:NMAT-92-a,
  crossref =     "Braess:NMAT-92",
  author =       "C.K. Chui and E. Quak",
  title =        "Wavelets on a bounded interval",
}

@Book{Braess:NMAT-92,
  title =        "Numerical Methods of Approximation Theory",
  booktitle =    "Numerical Methods of Approximation Theory",
  publisher =    pub-birkhauser,
  year =         "to appear",
  editor =       "D. Braess and L.L. Schumaker",
  address =      pub-birkhauser:adr,
}

@TechReport{Chui:TAMU-92-264,
  author =       "C.K. Chui and X.L. Shi",
  title =        "$N \times$ oversampling preserves any tight
                 affine-frame for odd $N$",
  institution =  inst-tamu,
  year =         "1992",
  type =         "CAT",
  number =       "264",
}

@TechReport{Chui:TAMU-92-267,
  author =       "C.K. Chui and X.L. Shi",
  title =        "Bessel sequences and affine frames",
  institution =  inst-tamu,
  year =         "1992",
  type =         "CAT",
  number =       "267",
}

@TechReport{Chui:TAMU-90-230,
  author =       "C.K. Chui and J. St{\"o}ckler and J.D. Ward",
  title =        "Compactly supported box-spline wavelets",
  institution =  inst-tamu,
  year =         "1992",
  type =         "CAT",
  number =       "239",
}

@Article{Chui:TAMS-330-903,
  author =       "C.K. Chui and J.Z. Wang",
  title =        "On compactly supported spline wavelets and a duality
                 principle",
  journal =      j-trans-ams,
  year =         "1992",
  volume =       "330",
  pages =        "903--915",
}

@Unpublished{Dahlke:Aachen-92-WBPO,
  author =       "S. Dahlke and I. Weinreich",
  title =        "Wavelet bases adapted to pseudo-differential
                 operators",
  note =         "Aachen preprint",
  year =         "1992",
}


@Unpublished{Dahlke:Aachen-91-WGM,
  author =       "S. Dahlke and I. Weinreich",
  title =        "Wavelet-{G}alerkin methods: {A}n adapted biorthogonal
                 wavelet basis",
  note =         "Aachen preprint",
  year =         "1991",
}

@Unpublished{Dahmen:MP-Freie-Berlin-92,
  author =       "W. Dahmen and A. Kunoth",
  title =        "Multilevel preconditioning",
  note =         "Freie Univ. Berlin preprint",
  year =         "1992",
}

@Unpublished{Dahmen:WAMPO-92,
  author =       "W. Dahmen and S. Pr{\"o}ssdorf and R. Schneider",
  title =        "Wavelet approximation methods for pseudodifferential
                 operators",
  note =         "Preprint",
  year =      "1992",
}

@Book{Daubechies:TLW-92,
  author =       "I. Daubechies",
  title =        "Ten Lectures on Wavelets",
  publisher =    pub-siam,
  year =         "1992",
  number =       "61",
  series =       "\allcaps{CBMS/NSF} Series in Applied Math.",
}

@Article{Daubechies:CPAM-41-909,
  author =       "I. Daubechies",
  title =        "Orthonormal bases of compactly supported wavelets",
  journal =      j-comm-pure-appl-math,
  month = Oct,
  year =         "1988",
  volume =       "41",
  pages =        "909--996",
}

@InProceedings{Glowinski:NMASE-90,
  crossref =     "NMASE-90",
  author =       "R. Glowinski and W.M. Lawton and M. Ravachol and E.
                 Tenebaum",
  title =        "Wavelet solution of linear and nonlinear elliptic,
                 parabolic, and hyperbolic problems in one space
                 dimension",
}

@Proceedings{NMASE-90,
  key =          "SIAM",
  title =        "Proc. 9th International Conference on Num. Methods in
                 Appl. Sciences and Engr.",
  booktitle =    "Proc. 9th International Conference on Num. Methods in
                 Appl. Sciences and Engr.",
  year =         "1990",
  publisher =    pub-siam,
  address =      pub-siam:adr,
}

@TechReport{Gopinath:Aware-92-MTWGM,
  author =       "R. Gopinath",
  title =        "Moment theorem for the wavelet-{G}alerkin method",
  institution =  inst-aware,
  year =         "1991-2",
}

@TechReport{Jaffard:LAMM-90-WFRE,
  author =       "S. Jaffard",
  title =        "Wavelet methods for fast resolution of elliptic
                 problems",
  institution =  "LAMM",
  year =         "1990",
}

@Article{Liandrat:WNPDE-ERCOFTAC-90,
  author =       "J. Liandrat",
  title =        "Wavelets and numerical solution of partial
                 differential equations",
  journal =      "ERCOFTAC Bulletin",
  year =         "1990",
  volume =       "VII",
}

@Unpublished{Lorentz:SWODE-91,
  author =       "R.A. Lorentz and W. Madych",
  title =        "Spline wavelets for ordinary differential equations",
  note =         "Preprint",
  year =         "1991",
}

@TechReport{Liandrat:1CASE-90-83,
  author =       "J. Liandrat and Ph. Tchamitchian",
  title =        "Resolution of the {1D} regularized {B}urgers equation
                 using a spatial wavelet approximation",
  institution =  "1CASE",
  year =         "1990",
  number =       "90-83",
  month =        dec,
  note =         "NASA Contractor Report 18748880",
}

@InCollection{Perrier:WTMPS-91-269,
  crossref =     "Combes:WTMPS-91",
  author =       "V. Perrier",
  title =        "Towards a method for solving partial differential
                 equations using wavelet bases",
  pages =        "269--283",
}

@InCollection{Tchamitchian:WTMPS-91-263,
  crossref =     "Combes:WTMPS-91",
  author =       "Ph. Tchamitchian",
  title =        "About wavelets and elliptic operators",
  pages =        "263--268",
}

@InCollection{Flandrin:WTMPS-91-69,
  crossref =     "Combes:WTMPS-91",
  author =       "P. Flandrin",
  title =        "Some Aspects of Nonstationary Signal Processing with
                 Emphasis on Time-Frequency and Time-Scale Methods",
  pages =        "68--98",
}

@Book{Combes:WTMPS-91,
  title =        "Wavelets: Time-Frequency Methods and Phase Space",
  booktitle =    "Wavelets: Time-Frequency Methods and Phase Space",
  publisher =    pub-springer,
  year =         "1989",
  editor =       "J.M. Combes and A. Grossmann and Ph. Tchamitchian",
  address =      "New York",
  edition =      "Second (1991)",
}

@Article{Yserentant:NM-58-163,
  author =       "H. Yserentant",
  title =        "Two preconditioners based on the multilevel splitting
                 of finite element spaces",
  journal =      j-num-math,
  year =         "1990",
  volume =       "58",
  pages =        "163--184",
}

@TechReport{Weiss:Aware-92-WDET,
  author =       "J. Weiss",
  title =        "Wavelets and the dynamics of entropy transfer in two
                 dimensional hydrodynamics",
  institution =  inst-aware,
  year =         "1991--2",
}

@InProceedings{Kovaszny:IRE-560,
  author =       "L. Kovasznay and H. Joseph",
  title =        "Image Processing",
  booktitle =    "Proc. IRE",
  year =         "1955",
  volume =       "43",
  pages =        "560--570",
}

@InProceedings{Zucker:PR7,
  author =       "S.W. Zucker and R.A. Hummel",
  title =        "Receptive Fields and the Representation of Visual
                 Information",
  booktitle =    "Proc. 7th Int. Conf. Pattern Recognition",
  year =         "1984",
  month =        jul,
}

@Article{Burt:ICOMM-31-562,
  author =       "P. Burt and T. Adelson",
  title =        "The {L}aplacian Pyramid as a Compact Image Code",
  journal =      j-ieee-comm,
  year =         "1983",
  volume =       "COM-31",
  pages =        "532--540",
}

@Article{Rosenfeld:ICOMP-20-562,
  author =       "A. Rosenfeld and M. Thurston",
  title =        "Edge and Curve Detection for Visual Scene Analysis",
  journal =      j-ieee-comp,
  year =         "1971",
  volume =       "C-20",
  pages =        "562--569",
}

@Article{Marr:PRSL-207-187,
  author =       "D. Marr and E. Hildreth",
  title =        "Theory of Edge Detection",
  journal =      j-royal-london,
  year =         "1980",
  volume =       "B207",
  pages =        "187--217",
}

@TechReport{Hummel:CourantCS-225,
  author =       "R. Hummel",
  title =        "Representations Based on Zero-crossings in Scale
                 Space",
  institution =  inst-courant-cs,
  year =         "1986",
  number =       "225",
}

@InCollection{Benedetto:GFRS-93,
  crossref =     "Benedetto:WMA-93",
  author =       "J. Benedetto and D. Walnut",
  title =        "Gabor Frames for {$L^2$} and Related Spaces",
}

@Book{Benedetto:WMA-93,
  title =        "Wavelets: Mathematics and Applications",
  booktitle =    "Wavelets: Mathematics and Applications",
  publisher =    pub-crc,
  year =         "1993",
  editor =       "J. Benedetto and M. Frazier",
  address =      pub-crc:adr,
}

@Article{Woods:ASSP-34-1278,
  author =       "J. Woods and S. O'Neil",
  title =        "Subband Coding of Images",
  journal =      j-ieee-assp,
  year =         "1986",
  volume =       "ASSP-34",
  pages =        "1278--1288",
}

@Book{Gonzalez:DIP-87,
  author =       "R. Gonzalez and P. Wintz",
  title =        "Digital Image Processing",
  publisher =    pub-AW,
  address =      pub-AW:adr,
  year =         "1987",
  edition =      "2nd",
}

@Book{Hovanessian:ISS-88,
  author =       "S. Hovanessian",
  title =        "Introduction to Sensor Systems",
  publisher =    pub-Artech,
  year =         "1988",
  address =      pub-Artech:adr,
}

@Article{Banach:SM-2-207,
  year =         "1930",
  author =       "S. Banach ",
  title =        "Uber eine Eigenschaft der lakun{\"a}ren
                 trigonometrischen Reihen",
  journal =      j-studia-math,
  volume =       "2",
  pages =        "207--220",
}

@Article{Belayev:TPA-4-402,
  author =       "Yu.K. Belayev",
  title =        "Analytic random processes",
  journal =      j-th-prob-appl,
  volume =       "4",
  year =         "1959",
  pages =        "402--409",
}

@Article{Benedetto:IEPT-10-761,
  author =       "J. Benedetto",
  title =        "A qualitative maximum entropy theorem for the real
                 line",
  journal =      j-int-eqn-op-th,
  volume =       "10",
  year =         "1987",
  pages =        "761--779",
}

@Article{Billard:ASENS-82-131,
  year =         "1965",
  author =       "P. Billard",
  title =        "S{\'e}ries de {F}ourier al{\'e}atoirement
                 born{\'e}es, continues, uniform{\'e}ment convergentes",
  journal =      j-annals-sens,
  volume =       "82",
  pages =        "131--179",
}

@Article{Billard:SM-22-309,
  year =         "1963",
  author =       "P. Billard",
  title =        "S{\'e}ries de {F}ourier al{\'e}atoirement
                 born{\'e}es, continues, uniform{\'e}ment convergentes",
  journal =      j-studia-math,
  volume =       "22",
  pages =        "309--329",
}

@Article{Borel:AM-20-243,
  year =         "1897",
  author =       "E. Borel",
  title =        "Sur les s\'eries de {T}aylor",
  journal =      j-acta-math,
  volume =       "20",
  pages =        "243--247",
}

@Article{Borel:CRASP-123-1051,
  year =         "1896",
  author =       "E. Borel",
  title =        "Sur les s{\'e}ries de {T}aylor",
  journal =      j-cr-acadsci-paris,
  volume =       "123",
  pages =        "1051--1052",
}

@Book{Borel:O-72,
  year =         "1972",
  author =       "E. Borel",
  title =        "Oeuvres",
  note =         "Tome I",
  publisher =    pub-cnrs-paris,
}

@Article{Bourgain:AIF-35-137,
  year =         "1985",
  author =       "J. Bourgain",
  title =        "{S}idon sets and {R}iesz products",
  journal =      j-annals-fourier,
  volume =       "35",
  number =       "1",
  pages =        "137--148",
}

@Article{Bourgain:CRASP-300-263,
  year =         "1985",
  author =       "J. Bourgain and V. Milman",
  title =        "Dichotomie du cotype pour les espaces invariants",
  journal =      j-cr-acadsci-paris,
  volume =       "300",
  pages =        "263--266",
}

@Article{Carpenter:AO-4919,
  author =       "G.A. Carpenter and S. Grossberg",
  title =        "\allcaps{ART}2: Self-Organisation of Stable Category
                 Recognition Codes for Analog Input Patterns",
  journal =      j-appl-optics,
  volume =       "26",
  month =        dec,
  year =         "1987",
  pages =        "4919--4930",
}

@Article{Carpenter:MPA-37-54,
  author =       "G.A. Carpenter and S. Grossberg",
  title =        "A Massively Parallel Architecture for a
                 Self-Organising Neural Pattern Recognition Machine",
  journal =      "Computer Vision, Graphics and Image Processing",
  year =         "1987",
  volume =       "37",
  pages =        "54--115",
}

@Article{Chiang:AMO-91,
  author =       "T.S. Chiang and G. Kallianpur and P. Sundar",
  title =        "Propagation of chaos and the {M}c{K}ean-{V}lasov
                 equation in duals of nuclear spaces",
  journal =      j-appl-math-opt,
  year =         "1991",
  volume =       "24",
  pages =        "55--83",
}

@Article{Davis:AP-13-779,
  year =         "1985",
  author =       "B. Davis and E. Perkins",
  title =        "Brownian slow points: the critical case",
  journal =      j-annals-prob,
  volume =       "13",
  pages =        "779--803",
}

@Article{Davis:ZW-64-359,
  year =         "1983",
  author =       "B. Davis",
  title =        "On {B}rownian slow points",
  journal =      j-z-wahr,
  volume =       "64",
  pages =        "359--367",
}

@Article{DeLeeuw:CRASP-285-1001,
  year =         "1977",
  author =       "K. De Leeuw and J.-P. Kahane and Y. Katznelson",
  title =        "Sur les coefficients de {F}ourier des fonctions
                 continues",
  journal =      j-cr-acadsci-paris,
  volume =       "285",
  pages =        "1001--1003",
}

@Article{Drury:CRASP-271-162,
  year =         "1970",
  author =       "S.W. Drury",
  title =        "Sur les ensembles de {S}idon",
  journal =      j-cr-acadsci-paris,
  volume =       "271",
  pages =        "162--163",
}

@Article{Dvoretzky:IJM-1-212,
  year =         "1963",
  author =       "A. Dvoretzky",
  title =        "On the oscillation of the {B}rownian motion process",
  journal =      j-israel-math,
  volume =       "1",
  pages =        "212--214",
}

@Article{Fan:CRASP-309-295,
  year =         "1989",
  author =       "Fan {\gobble{Fan}}Ai-Hua",
  title =        "Sur la convergence de s{\'e}ries trigonom{\'e}triques
                 lacunaires presque partout par rapport {\`a} des
                 produits de {R}iesz",
  journal =      j-cr-acadsci-paris,
  volume =       "309",
  pages =        "295--298",
}

@Article{Fleming:IUM-30-925,
  author =       "W.H. Fleming and M. Viot",
  title =        "Some measure-valued {M}arkov processes in population
                 genetics theory",
  journal =      j-indiana-u-math,
  volume =       "30",
  pages =        "925--935",
  year =         "1981",
}

@Article{Freud:MZ-78-252,
  year =         "1962",
  author =       "G. Freud",
  title =        "Uber trigonometrische Approximation und Fouriersche
                 Reihen",
  journal =      j-math-zeitschr,
  volume =       "78",
  pages =        "252--262",
}

@Article{Freud:SM-1-87,
  year =         "1966",
  author =       "G. Freud",
  journal =      j-studia-math,
  title =        "On {F}ourier series with {H}adamard gaps",
  volume =       "1",
  pages =        "87--96",
}

@Article{Gaposhkin:MUS-33-1,
  author =       "V.F. Gaposhkin",
  title =        "A theorem on the convergence almost everywhere of
                 measurable functions, and its applications to
                 sequences of stochastic integrals",
  journal =      j-math-sbornik,
  volume =       "33",
  year =         "1977",
  pages =        "1--17",
}

@Unpublished{Garling:OSU-77,
  year =         "1977",
  author =       "D.J.H. Garling",
  title =        "Sums of {B}anach space valued random variables",
  note =         "Mimeographed lecture notes",
  address =      "Dept. Math., Ohio State Univ., Columbus, OH",
  pages =        "107",
}

@Book{Grenander:TFA-58,
  author =       "U. Grenander and G. Szego",
  title =        "Toeplitz Forms and Their Applications",
  publisher =    pub-berkley,
  year =         "1958",
}

@Article{Grossberg:BC-23-121,
  author =       "S. Grossberg",
  title =        "Adaptive pattern classifications and universal
                 recording, {I}: {P}arallel development and coding of
                 neural feature detectors",
  journal =      "Biological Cybernetics",
  year =         "1976",
  volume =       "23",
  pages =        "121--134",
}

@Article{Grossberg:BC-23-187,
  author =       "S. Grossberg",
  title =        "Adaptive pattern classifications and universal
                 recording, {II}: {F}eedback, expectation, olfaction
                 and illusions",
  journal =      j-bio-cyb,
  year =         "1976",
  volume =       "23",
  pages =        "187--202",
}

@Unpublished{Hardy:NSV-91,
  author =       "G. Hardy and G. Kallianpur and S. Ramasubramanian and
                 J. Xiong",
  title =        "Nuclear space valued stochastic differential
                 equations driven by {P}oisson random measures",
  year =         "1991",
  note =         "Submitted",
}

@Book{Hecht-Nielsen:N-90,
  author =       "R. Hecht-Nielsen",
  title =        "Neurocomputing",
  publisher =    pub-aw,
  year =         "1990",
  address =      pub-aw:adr,
}

@Article{Higgins:BAMS-12-45,
  author =       "J.R. Higgins",
  title =        "Five short stories about the cardinal series",
  journal =      j-bull-ams,
  volume =       "12",
  year =         "1985",
  pages =        "45--89",
}

@InCollection{Hoffman:LNM-598-1,
  year =         "1977",
  author =       "J. Hoffmann-J{\o r}gensen",
  title =        "Probability in {B}anach spaces",
  booktitle =    "Ecole d'{\'e}t{\'e} de probabilit{\'e}s de
                 {S}aint-{F}lour 1976",
  volume =       "598",
  series =       "Lecture Notes in Mathematics",
  publisher =    pub-springer,
  pages =        "1--186",
}

@Article{Hoffman:SM-52-159,
  year =         "1974",
  author =       "J. Hoffmann-J{\o r}gensen",
  title =        "Sums of independent {B}anach space valued random
                 variables",
  journal =      j-studia-math,
  volume =       "52",
  pages =        "159--186",
}

@Article{Houdre:AP,
  author =       "C. Houdr\'{e}",
  title =        "On the spectral {SLLN} and pointwise ergodic theorem
                 in ${L}^\alpha$",
  note =         "To appear",
  journal =      j-annals-prob,
  year =         "1992",
}

@Article{Houdre:PTRF-87-167,
  author =       "C. Houdr\'{e}",
  title =        "Linear {F}ourier and Stochastic Analysis",
  journal =      j-prob-rel-fields,
  volume =       "87",
  year =         "1990",
  pages =        "167--188",
}

@Article{Hruscev:CRASP-292-389,
  year =         "1981",
  author =       "S.V. Hr{u\v s\v c}ev and J.-P. Kahane and Y.
                 Katznelson",
  title =        "Mouvement {b}rownien et s{\'e}ries de {F}ourier
                 absolument convergentes",
  journal =      j-cr-acadsci-paris,
  volume =       "292",
  pages =        "389--391",
}

@Article{Hruscev:TMIS-155-151,
  year =         "1981",
  author =       "S.V. Hru{\v s\v c}ev",
  title =        "Teorema Men'sova ob ispravlenii i {G}aussovskie
                 protsessi",
  journal =      j-trudy,
  volume =       "155",
  pages =        "151--181",
}

@Article{Jerri:PIEEE-65-1565,
  author =       "A.J. Jerri",
  title =        "The {S}hannon sampling theorem---its various
                 extensions and applications: {A} tutorial review",
  journal =      j-proc-ieee,
  volume =       "65",
  year =         "1977",
  pages =        "1565--1596",
}

@Article{Kahane:AIF-7-293,
  year =         "1957",
  author =       "J.-P. Kahane",
  title =        "Sur les fonctions moyenne-p{\'e}riodiques
                 born{\'e}es",
  journal =      j-annals-fourier,
  volume =       "7",
  pages =        "293--314",
}

@Article{Erdos:MMJ-4-291,
  author =       "Paul Erd{\"o}s",
  title =        "Some Unsolved Problems",
  journal =      j-mich-math,
  volume =       "4",
  year =         "1957",
  pages =        "291--300",
}

@Article{Kahane:BLMS-12-321,
  year =         "1980",
  author =       "J.-P. Kahane",
  title =        "Sur les polyn{\^o}mes {\`a} coefficients
                 unimodulaires",
  journal =      j-bull-london-ms,
  volume =       "12",
  pages =        "321--342",
}

@Article{Newman:PAMS-16-1287,
  author =       "D. J. Newman",
  title =        "An $l_1$ Extremal Problem for Polynomials",
  journal =      "Proc. Amer. Math. Soc.",
  volume =       "16",
  year =         "1965",
  pages =        "1287--1290",
}

@Article{Littlewood:JLMS-36-307,
  author =       "J.E. Littlewood",
  title =        "On the Mean Values of Certain Trigonometric
                 Polynomials",
  journal =      "J. Lon. Math. Soc.",
  volume =       "36",
  year =         "1961",
  pages =        "307--334",
}

@Article{Kahane:CQM-40-387,
  year =         "1990",
  author =       "J.-P. Kahane",
  title =        "Recouvrements al{\'e}atoires et th{\'e}orie du
                 potentiel",
  journal =      j-colloq-math,
  volume =       "40--41",
  pages =        "387--411",
}

@Article{Kahane:CQM-51-175,
  year =         "1987",
  author =       "J.-P. Kahane",
  title =        "Distribution des valeurs des fonctions analytiques
                 {G}aussiennes",
  journal =      j-colloq-math,
  volume =       "51",
  pages =        "175--187",
}

@Article{Kahane:CRASP-248-2943,
  year =         "1959",
  author =       "J.-P. Kahane",
  title =        "Sur un th{\'e}or{\`e}me de {P}aul {M}alliavin",
  journal =      j-cr-acadsci-paris,
  volume =       "248",
  pages =        "2943--2944",
}

@Article{Kahane:CRASP-259-2577,
  year =         "1964",
  author =       "J.-P. Kahane",
  title =        "Sur les sommes vectorielles $\sum\pm u_n$",
  journal =      j-cr-acadsci-paris,
  volume =       "259",
  pages =        "2577--2580",
}

@Article{Kahane:CRASP-263-613,
  year =         "1966",
  author =       "J.-P. Kahane",
  title =        "Images browniennes des ensembles parfaits",
  journal =      j-cr-acadsci-paris,
  volume =       "263",
  pages =        "613--615",
}

@Article{Kahane:CRASP-278-331,
  year =         "1974",
  author =       "J.-P. Kahane",
  title =        "Sur l'irr{\'e}gularit{\'e} locale du mouvement
                 {B}rownien",
  journal =      j-cr-acadsci-paris,
  volume =       "278",
  pages =        "331--333",
}

@Article{Kahane:CRASP-282-431,
  year =         "1976",
  author =       "J.-P. Kahane",
  title =        "Sur les z{\'e}ros et les instants de ralentissement
                 du mouvement brownien",
  journal =      j-cr-acadsci-paris,
  volume =       "282",
  pages =        "431--433",
}

@Article{Kahane:CRASP-292-271,
  year =         "1981",
  author =       "J.-P. Kahane and Y. Katznelson",
  title =        "Hom{\'e}omorphismes du cercle et s{\'e}ries de
                 {F}ourier absolument convergentes",
  journal =      j-cr-acadsci-paris,
  volume =       "292",
  pages =        "271--273",
}

@Article{Kahane:JAM-14-235,
  year =         "1965",
  author =       "M. Izumi and S.I. Izumi and J.-P. Kahane",
  title =        "Th\'eor\`emes \'el\'ementaires sur les s\'eries de
                 {F}ourier lacunaires",
  journal =      j-anal-math,
  volume =       "14",
  pages =        "235--246",
}

@Article{Kahane:JAT-2-233,
  year =         "1969",
  author =       "J.-P. Kahane",
  title =        "A metric condition for a circular set to be a set of
                 uniqueness",
  journal =      j-approx-th,
  volume =       "2",
  pages =        "233--246",
}

@Article{Kahane:JAT-46-1-51,
  year =         "1986",
  author =       "J.-P. Kahane",
  title =        "{G}eza {F}reud and lacunary {F}ourier series",
  journal =      j-approx-th,
  volume =       "46",
  number =       "1",
  pages =        "51--57",
}

@InCollection{Kahane:LMSLNS-137,
  year =         "1989",
  author =       "J.-P. Kahane",
  title =        "Random multiplication, random coverings,
                 multiplicative chaos",
  booktitle =    "Analysis at Urbana I (Urbana 1986-87)",
  pages =        "196--255",
  series =       "London Math. Soc. Lect. Note Series",
  volume =       "137",
  publisher =    pub-cup,
}

@Unpublished{Kahane:RPR-91,
  year =         "1991",
  author =       "J.-P. Kahane",
  title =        "From {R}iesz products to random sets",
  note =         "Sendai conference, 1990",
}

@InCollection{Kahane:SFF-83,
  year =         "1983",
  author =       "J.-P. Kahane and Y. Katznelson",
  title =        "S\'eries de {F}ourier des fonctions born\'ees",
  booktitle =    "Studies in Pure Mathematics to the memory of {P}aul
                 {T}uran",
  pages =        "395--410",
  publisher =    pub-birkhauser,
  note =         "Preprint Orsay, 1978",
}

@InProceedings{Kahane:HAZ-83-67,
  year =         "1983",
  author =       "J.-P. Kahane",
  title =        "Slow points of {G}aussian processes",
  booktitle =    "Conference in harmonic analysis in the honour of
                 {A}ntoni {Z}ygmund",
  publisher =    pub-wadsworth,
  volume =       "{I}",
  pages =        "67--83",
}

@Book{Kahane:SRS-85,
  year =         "1985",
  author =       "J.-P. Kahane",
  title =        "Some random series of functions",
  edition =      "2nd",
  publisher =    pub-cup,
}

@InProceedings{Kahane:TMHA-II-956,
  year =         "1982",
  author =       "J.-P. Kahane",
  title =        "Quatre le\c cons sur les hom\'eomorphismes du cercle
                 et les s\'eries de {F}ourier",
  booktitle =    "Topics in modern harmonic analysis",
  note =         "Proceedings of a seminar held in Torino and Milano",
  month =        may # "--" # june,
  volume =       "II",
  pages =        "956--990",
}

@InCollection{Kallianpur:LNB-70-116,
  author =       "G. Kallianpur and R. Wolpert",
  title =        "Weak convergence of stochastic neuronal models",
  booktitle =    j-lect-notes-biomath,
  publisher =    pub-springer,
  volume =       "70",
  editor =       "M. Kimura and G. Kallianpur and T. Hida",
  pages =        "116--145",
  year =         "1987",
}

@Article{Kallianpur:AMO-12-125,
  author =       "G. Kallianpur and R. Wolpert",
  title =        "Infinite dimensional stochastic differential equation
                 models for spatially distributed neurons",
  journal =      j-appl-math-opt,
  volume =       "12",
  pages =        "125--172",
  year =         "1984",
}

@Article{Kallianpur:AMO-17-237,
  author =       "G. Kallianpur and V. Perez-Abreu",
  title =        "Stochastic evolution equations driven by nuclear
                 space-valued martingales",
  journal =      j-appl-math-opt,
  volume =       "17",
  pages =        "237--272",
  year =         "1988",
}

@InProceedings{Kallianpur:COSMEX89-227,
  author =       "G. Kallianpur",
  title =        "Infinite dimensional stochastic differential
                 equations with applications",
  booktitle =    "Proceedings of the 1989 COSMEX Meeting",
  publisher =    pub-world-sci,
  pages =        "227--238",
  year =         "1990",
}

@Article{Kallianpur:SSR-29-285,
  author =       "G. Kallianpur and I. Mitoma and R.L. Wolpert",
  title =        "Diffusion equations in duals of nuclear spaces",
  journal =      j-stoch-reps,
  volume =       "29",
  pages =        "285--329",
  year =         "1990",
}

@Article{Katznelson:PAMS-53-396,
  year =         "1975",
  author =       "Y. Katznelson",
  title =        "On a theorem of {M}enchoff",
  journal =      j-proc-ams,
  volume =       "53",
  pages =        "396--398",
}

@Article{Kaveh:ASSP-27,
  author =       "M. Kaveh",
  title =        "High resolution spectral estimation for noisy
                 signals",
  journal =      j-ieee-assp,
  volume =       "27",
  year =         "1979",
}

@Article{Kilmer:AIF-38-63,
  year =         "1988",
  author =       "S.J. Kilmer and S. Saeki",
  title =        "On {R}iesz product measures; mutual absolute
                 continuity and singularity",
  journal =      j-annals-fourier,
  volume =       "38",
  number =       "2",
  pages =        "63--93",
}

@Article{Kolmogoroff:FM-5-96,
  year =         "1924",
  author =       "A. Kolmogoroff",
  journal =      j-fund-math,
  title =        "Une contribution \`a l'\'etude de la convergence des
                 s\'eries de {F}ourier",
  volume =       "5",
  pages =        "96--97",
}

@Article{Konno:PRF-79-201,
  author =       "N. Konno and T. Shiga",
  title =        "Stochastic partial differential equations for some
                 measure-valued diffusions",
  journal =      j-prob-rel-fields,
  volume =       "79",
  pages =        "201--225",
  year =         "1988",
}

@Article{Korner:BLMS-12-219,
  year =         "1980",
  author =       "T.W. K{\"o}rner",
  title =        "On a polynomial of {J.S.} {B}yrnes",
  journal =      j-bull-london-ms,
  volume =       "12",
  pages =        "219--224",
}

@TechReport{Kotelenez:LLN-82,
  author =       "P. Kotelenez",
  title =        "Law of large numbers and central limit theorem for
                 chemical reactions with diffusions",
  institution =  inst-u-bremen,
  year =         "1982",
}

@Article{Krylov:SOVM-16-1233,
  author =       "N.V. Krylov and B.L. Rozovskii",
  title =        "Stochastic evolution equations",
  journal =      j-soviet-math,
  volume =       "16",
  pages =        "1233--1277",
  year =         "1981",
}

@InCollection{Kwapien:LNM-256-157,
  year =         "1976",
  author =       "S. Kwapien",
  title =        "A theorem on the {R}ademacher series with vector
                 coefficients",
  booktitle =    "Probability in {B}anach spaces",
  series =       "Lecture Notes in Mathematics",
  volume =       "526",
  publisher =    pub-springer,
  pages =        "157--158",
}

@Article{Ledoux:EDM-23-3,
  year =         "1991",
  author =       "M. Ledoux and M. Talagrand",
  title =        "Probability in {B}anach spaces",
  journal =      j-edm,
  volume =       "23",
  number =       "3",
  publisher =    pub-springer,
  note =         "480 pages",
}

@Book{Levinson:GDT-40,
  author =       "N. Levinson",
  title =        "Gap and Density Theorems",
  publisher =    pub-ams,
  address =      "New York",
  year =         "1940",
}

@Article{Levinson:JMP-25,
  author =       "N. Levinson",
  title =        "The {W}iener \allcaps{RMS} error criterion in filter
                 design and prediction",
  journal =      j-math-phys,
  volume =       "25",
  year =         "1947",
}

@Book{Levy:PSM-48,
  year =         "1948",
  author =       "P. L\'evy",
  title =        "Processus stochastiques et mouvement {B}rownien",
  address =      "Paris",
  publisher =    pub-gauthier,
}

@Article{Littlewood:I-50-990,
  year =         "1949",
  author =       "J.E. Littlewood and C. Offord",
  journal =      j-idem,
  volume =       "50",
  pages =        "990--991",
}

@Book{Perrin:LA-14,
  year =         "1914",
  author =       "J. Perrin",
  title =        "Les Atomes",
  publisher =    "F. Alcan",
  edition =      "Fourth",
  address =      "Paris",
}

@Article{Littlewood:AM-49-885,
  year =         "1948",
  author =       "J.E. Littlewood and C. Offord",
  title =        "On the distribution of zeros and $ a $-values of a
                 random integral function",
  journal =      j-annals-math,
  volume =       "49",
  pages =        "885--952",
}

@InProceedings{Lozo:ACNN91-22,
  author =       "P. Lozo and R.P. Johnson and D. Nandagopal and G.
                 Nussey and T. Zyweck",
  title =        "An Adaptive Resonance Theory (\allcaps{ART}) Based
                 Neural Network Approach to Classifying Targets in
                 Infrared Images",
  booktitle =    "Proceedings of the Second Australian Conference on
                 Neural Networks (\allcaps{ACNN}'91)",
  year =         "1991",
  address =      "Sydney",
  pages =        "22--25",
}

@Article{Malliavin:CRASP-248-2155,
  year =         "1959",
  author =       "P. Malliavin",
  title =        "Sur l'impossibilit{\'e} de la synth{\`e}se spectrale
                 sur la droite",
  journal =      j-cr-acadsci-paris,
  volume =       "248",
  pages =        "2155--2157",
}

@InCollection{Marcus:LNS50-78,
  year =         "1978",
  author =       "M.B. Marcus and G. Pisier",
  title =        "Necessary and sufficient conditions for the uniform
                 convergence of random trigonometric series",
  booktitle =    "Lecture notes series 50",
  publisher =    "Aarhus",
  address =      "Denmark",
}

@Article{Maurey:SM-58-45,
  year =         "1976",
  author =       "B. Maurey and G. Pisier",
  title =        "S{\'e}ries de variables al{\'e}atoires vectorielles
                 ind{\'e}pendantes et g{\'e}om{\'e}trie des espaces de
                 {B}anach",
  journal =      j-studia-math,
  volume =       "58",
  pages =        "45--90",
}

@Article{Mitoma:AP-11-989,
  author =       "I. Mitoma",
  title =        "Tightness of probabilities on {${\cal C}([0,1]; {\cal
                 S}^\prime)$} and {$D([0,1]; {\cal S}^\prime )$}",
  journal =      j-annals-prob,
  volume =       "11",
  pages =        "989--999",
  year =         "1984",
}

@Article{Mitoma:MFSK-35-185,
  author =       "I. Mitoma",
  title =        "Martingales of random distributions",
  journal =      "Mem. Fac. Sci. Kyushu Univ.",
  series =       "Series A",
  volume =       "35",
  pages =        "185--197",
  year =         "1981",
}

@Article{Murai:CRASP-287-931,
  year =         "1978",
  author =       "T. Murai",
  title =        "Une remarque sur la distribution des valeurs des
                 s{\'e}ries de {T}aylor al{\'e}atoires",
  journal =      j-cr-acadsci-paris,
  volume =       "287",
  pages =        "931--934",
}

@Article{Murai:JLMS-24-480,
  year =         "1981",
  author =       "T. Murai",
  title =        "Value distribution of random {T}aylor series in the
                 unit disc",
  journal =      j-london-math-soc,
  volume =       "24",
  pages =        "480--494",
}

@Manual{NeuralWare:npIIug-89,
  author =       "NeuralWare Inc.",
  title =        "NeuralWorks Professional {II} Users Guide",
  year =         "1989",
}

@Article{Offord:SM-41-71,
  year =         "1972",
  author =       "C. Offord",
  title =        "The distribution of the values of a random function
                 in the unit disc",
  journal =      j-studia-math,
  volume =       "41",
  pages =        "71--106",
}

@Article{Olevskii:DAN-238-799,
  year =         "1978",
  author =       "A.M. Olevskii",
  title =        "Su\v cectvovanie funktsii s neustranimymi
                 osobennostjami {C}arlemana",
  journal =      j-dokladi-akad-nauk,
  volume =       "238",
  number =       "4",
  pages =        "796--799",
}

@Article{Olevskii:DAN-256-284,
  year =         "1981",
  author =       "A.M. Olevskii",
  title =        "Zamena peremennoy i absojutnaja shodimost pjada
                 {F}ourier",
  journal =      j-dokladi-akad-nauk,
  volume =       "256",
  pages =        "284--287",
}

@Article{Orey:PLMS-28-174,
  year =         "1974",
  author =       "S. Orey and S.J. {T}aylor",
  title =        "How often on a {B}rownian path does the law of the
                 iterated logarithm fail?",
  journal =      j-proc-london-math-soc,
  volume =       "28",
  number =       "3",
  pages =        "174--192",
}

@InCollection{Paley:CAMS-34,
  year =         "1934",
  author =       "R.E.A.C. Paley and N. Wiener",
  title =        "Fourier transforms in the complex domain",
  booktitle =    "Coll. Amer. Math. Soc.",
  publisher =    pub-ams,
}

@InProceedings{Paley:CPS-28-190,
  year =         "1932",
  author =       "R.E.A.C. Paley and A. Zygmund",
  title =        "On some series of functions",
  booktitle =    "Proceedings of the Cambridge Philosophical Society",
  volume =       "28",
  pages =        "190--205",
}

@Article{Paley:MZ-37-647,
  year =         "1933",
  author =       "R.E.A.C. Paley and N. Wiener and A. Zygmund",
  title =        "Notes on random functions",
  journal =      j-math-zeitschr,
  volume =       "37",
  pages =        "647--668",
}

@InProceedings{Paley:PCP-26-337-458,
  year =         "1930",
  author =       "R.E.A.C. Paley and A. Zygmund",
  title =        "On some series of functions",
  booktitle =    "Proceedings of the Cambridge Philosophical Society",
  volume =       "26",
  pages =        "337--357, 458--474",
}

@Book{Paley:RTC-34,
  author =       "R.E.A.C. Paley and N. Wiener",
  title =        "Fourier transforms in the complex domain",
  publisher =    pub-ams,
  address =      "Rhode Island",
  year =         "1934",
}

@Article{Papoulis:ASSP-29,
  author =       "A. Papoulis",
  title =        "Maximum entropy and spectral estimation: {A} review",
  journal =      j-ieee-assp,
  volume =       "29",
  year =         "1981",
}

@Book{Papoulis:FIA-62,
  author =       "A. Papoulis",
  title =        "The {F}ourier Integral and its Applications",
  publisher =    pub-mcgraw-hill,
  address =      pub-mcgraw-hill:adr,
  year =         "1962",
}

@Book{Papoulis:PRV-91,
  author =       "A. Papoulis",
  title =        "Probability, Random Variables, and Stochastic
                 Processes",
  edition =      "3rd",
  publisher =    pub-mcgraw-hill,
  address =      pub-mcgraw-hill:adr,
  year =         "1991",
}

@Article{Papoulis:SR-27,
  author =       "A. Papoulis",
  title =        "Levinson's algorithm, {W}old's decomposition, and
                 spectral estimation",
  journal =      j-siam-rev,
  volume =       "27",
  year =         "1985",
}

@Article{Perkins:ZW-64-369,
  year =         "1983",
  author =       "E. Perkins",
  title =        "On the {H}ausdorff dimension of the {B}rownian slow
                 points",
  journal =      j-z-wahr,
  volume =       "64",
  pages =        "369--399",
}

@Article{Peyriere:AUSJM-91,
  year =         "1991",
  author =       "J. Peyri{\`e}re",
  title =        "Almost everywhere convergence of lacunary
                 trigonometric series with respect to {R}iesz products",
  journal =      j-australian-math,
}

@Article{Piranashvili:TPA-12-647,
  author =       "P.A. Piranashvili",
  title =        "The problem of interpolation of random processes",
  journal =      j-th-prob-appl,
  volume =       "12",
  year =         "1967",
  pages =        "647--657",
}

@Article{Pisier:BAMS-8-87,
  year =         "1983",
  author =       "G. Pisier",
  title =        "Arithmetic characterizations of {S}idon sets",
  journal =      j-bull-ams,
  volume =       "8",
  pages =        "87--89",
}

@Article{Pisier:CRASP-286-671,
  year =         "1978",
  author =       "G. Pisier",
  title =        "Ensembles de {S}idon et processus {G}aussiens",
  journal =      j-cr-acadsci-paris,
  volume =       "286",
  pages =        "671--674",
}

@Article{Pisier:IJM-34-38,
  year =         "1979",
  author =       "G. Pisier",
  title =        "A remarkable homogeneous {B}anach algebra",
  volume =       "34",
  journal =      j-israel-math,
  pages =        "38--44",
}

@InProceedings{Pisier:SEB-78,
  year =         "1978",
  author =       "G. Pisier",
  title =        "Les in{\'e}galit{\'e}s de {K}hintchine-{K}ahane
                 d'apr{\`e}s {C}.~{B}orell",
  booktitle =    "S{\'e}minaire sur la g{\'e}om{\'e}trie des espaces de
                 {B}anach 1977--78",
  organization = "Ecole Polytechnique",
}

@Book{Pisier:VCB-89,
  year =         "1989",
  author =       "G. Pisier",
  title =        "The volume of convex bodies and {B}anach space
                 geometry",
  publisher =    pub-cup,
}

@TechReport{Prignot:DCE-87,
  year =         "1987",
  author =       "P. Prignot",
  title =        "Dichotomie du Cotype Pour les Espaces Invariants",
  institution =  pub-math-orsay,
  number =       "87-02, I1-I50",
}

@Article{Rider:DMJ-42-759,
  year =         "1975",
  author =       "D. Rider",
  title =        "Randomly continuous functions and {S}idon sets",
  journal =      j-duke-math,
  volume =       "42",
  pages =        "759--764",
}

@Article{Rudin:JMM-9-203,
  year =         "1960",
  author =       "W. Rudin",
  title =        "Trigonometric series with gaps",
  journal =      j-math-mech,
  volume =       "9",
  pages =        "203--227",
}

@Article{Ryll:SM-13-30,
  year =         "1953",
  author =       "C. Ryll-Nardzewski",
  title =        "D. {B}lackwell's conjecture on power series with
                 random coefficients",
  journal =      j-studia-math,
  volume =       "13",
  pages =        "30--36",
}

@Article{Saakian:MUS-79-597,
  year =         "1979",
  author =       "A.A. Saakian",
  title =        "Integral'nie moduli gladkosti i koeffitsienti
                 {F}ourier u superpozitsii funktsii",
  journal =      j-math-sbornik,
  pages =        "597--608",
}

@Article{Salem:AVM-1-353,
  year =         "1950",
  author =       "R. Salem",
  title =        "On singular monotonic functions whose spectrum has a
                 given {H}ausdorff dimension",
  journal =      j-arkiv-math,
  volume =       "1",
  pages =        "353--365",
}

@Article{Salem:AM-91-245,
  year =         "1954",
  author =       "R. Salem and A. Zygmund",
  title =        "Some properties of trigonometric series whose terms
                 have random signs",
  journal =      j-acta-math,
  volume =       "91",
  pages =        "245--301",
}

@Article{Salem:TAMS-56-32,
  year =         "1944",
  author =       "R. Salem",
  title =        "Sets of uniqueness and sets of multiplicity 2",
  journal =      j-trans-ams,
  volume =       "56",
  pages =        "32--49",
  note =         "See \S\ 13",
}

@Book{Salem:OM-67,
  year =         "1967",
  author =       "R. Salem",
  title =        "Oeuvres math\'ematiques",
  publisher =    pub-hermann,
  address =    pub-hermann:adr,
}

@Book{Shannon:MTC-49,
  author =       "C.E. Shannon and W. Weaver",
  title =        "The Mathematical Theory of Communication",
  publisher =    pub-u-ill,
  year =         "1949",
}

@InProceedings{Specht:ICNN88-525,
  author =       "D.F. Specht",
  title =        "Probabilistic Neural Networks for Classification,
                 Mapping, or Associative Memory",
  booktitle =    "Proceedings of International Conference on Artificial
                 Neural Networks (\allcaps{ICNN}-88)",
  year =         "1988",
  volume =       "1",
  pages =        "525--532",
}

@Book{Stein:IFA-71,
  author =       "E. Stein and G. Weiss",
  title =        "Introduction to {F}ourier Analysis on {E}uclidean
                 Spaces",
  publisher =    pub-princeton,
  address =      pub-princeton:adr,
  year =         "1971",
}

@Article{Steinhaus:MZ-21-408,
  year =         "1929",
  author =       "H. Steinhaus ",
  title =        "Uber die Wahrscheinlichkeit daf{\"u}r, da\ss der
                 Konvergenzkreis einer Potenzreihe ihre nat{\"u}rliche
                 Grenze ist",
  journal =      j-math-zeitschr,
  volume =       "21",
  pages =        "408--416",
}

@Article{Szidon:MA-97-675,
  year =         "1927",
  author =       "S. Szidon",
  title =        "Verallgemeinerung eines Satzes {\"u}ber die absolute
                 Konvergenz von {F}ourierreihen mit L{\"u}cken",
  journal =      j-math-ann,
  volume =       "97",
  pages =        "675--676",
}

@Article{Taylor:AIF-24-195,
  year =         "1974",
  author =       "S.J. {T}aylor",
  title =        "Regularity and irregularities on a {B}rownian path",
  volume =       "24",
  journal =      j-annals-fourier,
  pages =        "195--204",
}

@InCollection{Walsh:LNM-1180-266,
  author =       "J.B. Walsh",
  title =        "An introduction to stochastic partial differential
                 equations",
  booktitle =    j-lect-notes-math,
  volume =       "1180",
  editor =       "P.L. Hennequin",
  pages =        "266--437",
  year =         "1986",
}

@Misc{Fowler:NPCSAOA-83,
  author =       "Admiral E.B. Fowler, {Commander Naval Systems Sea
                 Command}",
  title =        "\allcaps{NAVSEA} Policy Clarification for the
                 Specification and Assessment of Operational
                 Availability",
  year =         "1983",
  month =        feb # "~14",
  howpublished = "Memo",
}

@Book{Gitlow:DGQ-87,
  author =       "Howard S. Gitlow and Shelly J. Gitlow",
  title =        "The Deming Guide to Quality and Competitive Position",
  year =         "1987",
  publisher =    pub-prentice-hall,
  address =      pub-prentice-hall:adr,
}

@Book{Deming:OC-86,
  author =       "W.E. Deming",
  title =        "Out of the Crisis",
  year =         "1986",
  publisher =    "MIT, Center for Advanced Engineering",
  address =      "Cambridge, Mass.",
}

@Article{Schonberger:ODY-20-16,
  author =       "Richard J. Schonberger",
  title =        "Total Quality Management Cuts a Broad Swath---Through
                 Manufacturing and Beyond",
  year =         "1992",
  journal =      j-org-dynamic,
  month =        "Spring",
  volume =       "20",
  number =       "4",
  pages =        "16--28",
}

@Book{USGAO:MPU-91,
  author =       "United States General Accounting Office",
  title =        "Management Practice: U.S. Companies Improve
                 Performance Through Quality Efforts",
  year =         "1991",
  publisher =    pub-us-gpo,
  address =      pub-us-gpo:adr,
}

@Article{Zahedi:COR-87-395,
  author =       "F. Zahedi",
  title =        "Qualitative Programming for Selection Decisions",
  journal =      j-comp-op-res,
  year =         "1987",
  volume =       "14",
  number =       "5",
  pages =        "395--407",
}

@Article{Zahedi:IF-86-96,
  author =       "F. Zahedi",
  title =        "The Analytic Hierarchy Process---A Survey of the
                 Method and its Applications",
  journal =      j-interfaces,
  year =         "1986",
  volume =       "16",
  number =       "4",
  pages =        "96--108",
}

@Article{Zahedi:SEP-86-347,
  author =       "F. Zahedi",
  title =        "A Simulation Study of Estimation Methods in the
                 Analytic Hierarchy Process",
  journal =      j-soc-econ-plan,
  year =         "1986",
  volume =       "20",
  number =       "6",
  pages =        "347--354",
}

@Book{Juran:JQC-88,
  author =       "J. Juran",
  title =        "Juran's Quality Control Handbook",
  year =         "1988",
  edition =      "4th",
  publisher =    pub-mcgraw-hill,
  address =      pub-mcgraw-hill:adr,
}

@TechReport{Crawford:R-2572-1-AF,
  author =       "G. Crawford and C. Williams",
  title =        "The Analysis of Subjective Judgment Matrices",
  number =       "R-2572-1-AF",
  institution =  inst-rand,
  year =         "1985",
}

@Article{Walsh:AAP-13-231,
  author =       "J.B. Walsh",
  title =        "A stochastic model of neural response",
  journal =      j-adv-appl-prob,
  volume =       "13",
  pages =        "231--281",
  year =         "1981",
}

@Article{Wiener:AM-55-117,
  year =         "1930",
  author =       "N. Wiener",
  title =        "Generalized harmonic analysis",
  journal =      j-acta-math,
  volume =       "55",
  pages =        "117--258",
}

@Article{Wiener:JMP-2-131,
  year =         "1923",
  author =       "N. Wiener",
  title =        "Differential space",
  journal =      j-math-phys,
  volume =       "2",
  pages =        "131--174",
}

@Book{Young:CEP-74,
  author =       "T.Y. Young and T.W. Calvert",
  title =        "Classification, Estimation and Pattern Recognition",
  publisher =    "Elsevier Publishing Co.",
  year =         "1974",
}

@InCollection{Zaknich:UWA91-cem,
  author =       "A. Zaknich and C. deSilva and Y. Attikiouzel",
  title =        "Comparative Evaluation of the Multi-Class
                 \allcaps{PNN} and \allcaps{ART}2 Neural Networks for
                 Classification of Infra-red Ship Images---{P}arts {I}
                 and {II}",
  booktitle =    "The University of Western Australia Research Report
                 to the Guided Weapons Division",
  publisher =    "University of Western Australia",
  year =         "1991",
}

@Article{Zygmund:ALSS-6-80,
  year =         "1933",
  author =       "A. Zygmund",
  title =        "On the continuability of power series",
  journal =      j-acta-litt-sci,
  volume =       "6",
  pages =        "80--84",
}

@Article{Zygmund:FUM-16-90,
  year =         "1930",
  author =       "A. Zygmund",
  title =        "On the convergence of lacunary trigonometric series",
  journal =      j-fund-math,
  volume =       "16",
  pages =        "90--107",
}

@Book{Zygmund:SPO-89,
  author =       "Antoni Zygmund",
  year =         "1989",
  title =        "Selected papers of {A}ntoni {Z}ygmund",
  publisher =    pub-kluwer,
  note =         "3 volumes",
}

@Article{Zygmund:TAMS-34-435,
  year =         "1932",
  author =       "A. Zygmund",
  title =        "On lacunary trigonometric series",
  journal =      j-trans-ams,
  volume =       "34",
  pages =        "435--446",
}

@Book{Zygmund:TS-I-II-68,
  author =       "A. Zygmund",
  title =        "Trigonometric Series {I} and {II}",
  edition =      "Second",
  publisher =    pub-cup,
  address =      pub-cup:adr,
  year =         "1968",
}

@Unpublished{Benedetto:WAMDC-92,
  author =       "J. Benedetto and A. Teolis",
  title =        "Wavelet Auditory Models and Data Compression",
  note =         "Preprint",
  year =         "1992",
}

@Article{Benedetto:SMA-22-1110,
  author =       "J. Benedetto",
  title =        "The Spherical {W}iener-{P}lancherel Formula and
                 Spectral Estimation",
  journal =      j-siam-math-anal,
  year =         "1991",
  volume =       "22",
  pages =        "1110--1130",
}

@Article{Benedetto:AAP-10-457,
  author =       "J. Benedetto and G. Benke and W. Evans",
  title =        "A $n$-dimensional {W}iener-{P}lancherel Formula",
  journal =      j-adv-appl-math,
  year =         "1989",
  volume =       "10",
  pages =        "457--487",
}

@Article{Thomson:JASA-74-1848,
  author =       "D.J. Thomson and N.R. Chapman",
  title =        "A wide-angle split-step algorithm for the parabolic
                 equation",
  journal =      j-acoust-soc-amer,
  year =         "1983",
  volume =       "74",
  number =       "1848-1854",
}

@Article{Siegman:JASA-78-659,
  author =       "W.L. Siegmann and G.A. Kriegsmann and D. Lee",
  title =        "A wide-angle three-dimensional parabolic wave
                 equation",
  journal =      j-acoust-soc-amer,
  year =         "1985",
  volume =       "78",
  pages =        "659--664",
}

@Article{Boyles:JHAPLTD-3-67,
  author =       "C.A. Boyles and G.W. Joice",
  title =        "Comparison of three acoustic transmission loss models
                 with experimental data",
  journal =      j-jhapltd,
  year =         "1982",
  volume =       "3",
  pages =        "67--76",
}

@Book{Young:INFS-80,
  author =       "Robert M. Young",
  title =        "An Introduction to Nonharmonic Fourier Series",
  publisher =    pub-acad-pr,
  address =      pub-acad-pr:adr,
  year =         "1980",
}


@TechReport{Cybenko:TuftsCS-88,
  author =       "G. Cybenko",
  title =        "Approximation by Superpositions of a Sigmoidal
                 Function",
  institution =  inst-tufts-cs,
  year =         "1988",
  month =        oct,
}

@Article{Lippmann:ASSP-87-4,
  author =       "R.P. Lippmann",
  title =        "An Introduction to Computing with Neural Nets",
  journal =      j-ieee-assp,
  month =        apr,
  year =         "1987",
  pages =        "4--22",
}

@Article{Duffin:TAMS-72-341,
  author =       "R. Duffin and S. Schaeffer",
  title =        "A class of nonharmonic {F}ourier series",
  journal =      j-trans-ams,
  year =         "1952",
  volume =       "72",
  pages =        "341--366",
}

@Book{Skolnik:RH-70,
  author =       "M. Skolnik",
  title =        "Radar Handbook",
  publisher =    pub-mcgraw-hill,
  year =         "1970",
}

@Article{Cybenko:MCSS-2-303,
  author =       "G. Cybenko",
  title =        "Approximation by Superpositions of a Sigmoidal
                 Function",
  journal =      j-math-ctrl-sig-sys,
  year =         "1989",
  volume =       "2",
  pages =        "303--314",
}

@Article{Yang:INFT-38-824,
  author =       "X. Yang and K. Wang and S.A. Shamma",
  title =        "Auditory Representations of Acoustic Signals",
  journal =      j-ieee-inf-th,
  month =        mar,
  year =         "1992",
  volume =       "38",
  number =       "2",
  pages =        "824--839",
}

@TechReport{Mallat:CourantCS-92,
  author =       "S. Mallat and Z. Zhang",
  title =        "Matching Pursuits with time-frequency dictionaries",
  institution =  inst-courant-cs,
  year =         "1992",
  month =        nov,
}

@Article{Mallat:INFT-38-617,
  author =       "S. Mallat and W.L. Huang",
  title =        "Singularity detection and processing with wavelets",
  journal =      j-ieee-inf-th,
  month =        mar,
  year =         "1992",
  volume =       "38",
  number =       "2",
  pages =        "617--643",
}

@Article{Aydin:IGRS-29-593,
  author =       "K. Aydin and Y. Lure",
  title =        "Millimeter Wave Scattering and Propagation in Rain: {A}
                 computational study at 94 and 140 {GHz} for oblate
                 spheroidal and spherical raindrops",
  journal =      j-ieee-geo-rs,
  month =        jul,
  year =         "1991",
  volume =       "29",
  number =       "4",
  pages =        "593--601",
}

@Article{Simmons:ISP-92-3,
  author =       "J.A. Simmons and P.A. Saillant and S.P. Dear",
  title =        "Through a bat's ear",
  journal =      j-ieee-spectrum,
  month =        mar,
  year =         "1992",
  pages =        "46",
}

@InCollection{Tappert:ICA74-csl,
  author =       "F.D. Tappert and R.H. Hardin",
  title =        "Computer Simulation of Long-Range Ocean Acoustic
                 Propagation Using the Parabolic Equation Method",
  booktitle =    "Eighth International Congress on Acoustics",
  publisher =    "London",
  year =         "1974",
}

@Article{Lee:MML-4-473,
  author =       "Ding Lee and Suzanne T. McDaniel",
  title =        "Wave Field Computations on the Interface: {A}n Ocean
                 Acoustics Model",
  journal =      j-math-model,
  year =         "1983",
  volume =       "4",
  pages =        "473--488",
}

@TechReport{Botseas:NUSC-83-6905,
  author =       "George Botseas and Ding Lee and Kenneth E. Gilbert",
  title =        "{IFD}: Wide Angle Capability",
  institution =  inst-nusc,
  year =         "1983",
  number =       "6905",
}

@article{Schroeder:PIEEE-63-1332,
  author = "M.R. Schroeder",
  title = "Models of Hearing",
  journal = j-proc-ieee,
  volume = 63,
  pages = "1332-1350",
  year = 1975
}

@Book{Schroeder:FCPL-91,
  author =       "Manfred R. Schroeder",
  title =        "Fractals, Chaos, Power Laws: Minutes from an Infinite
                 Paradise",
  publisher =    pub-freeman,
  year =         "1991",
  address =      pub-freeman:adr,
}

@Article{Cybenko:MCSS-89-2,
  author =       "G. Cybenko",
  title =        "Approximation by Superpositions of a Sigmoidal
                 Function",
  journal =      j-math-ctrl-sig-sys,
  year =         "1989",
  volume =       "2",
  pages =        "303--314",
}

@InCollection{Cohen:WTA92-105,
  author =       "A. Cohen",
  title =        "Wavelets and Digital Signal Processing",
  pages =        "105--121",
  crossref =     "Ruskai:WTA-92",
}

@InCollection{Coifman:WTA92-153,
  author =       "R.R. Coifman and Y. Meyer and M.V. Wickerhauser",
  title =        "Wavelet Analysis and Signal Processing",
  pages =        "153--178",
  crossref =     "Ruskai:WTA-92",
}

@InCollection{Auscher:WTA92-439,
  author =       "P. Auscher",
  title =        "Wavelet Bases for {$L^2(\Re)$} with Rational Dilation
                 Factor",
  pages =        "439--452",
  crossref =     "Ruskai:WTA-92",
}

@InCollection{Wickerhauser:WTTA92-679,
  author =       "M.V. Wickerhauser",
  title =        "Acoustic Signal Compression with Wavelet Packets",
  crossref = "Chui:WTTA-92",
  pages =        "679--713",
}

@Article{Jackson:IREL-83-21,
  author =       "Peter S. Jackson",
  title =        "On the $s$-importance of elements and prime plicants
                 of non-coherent systems",
  journal =      j-ieee-rel,
  volume =       "R-32",
  year =         "1983",
  month =        apr,
  pages =        "21--25",
}

@Article{Byrnes:IREL-85-17,
  author =       "J.S. Byrnes and Robert C. Angell",
  title =        "The Dependency Model: {A} Tool for Calculating System
                 Effectiveness",
  journal =      j-ieee-rel,
  volume =       "R-34",
  year =         "1985",
  number =       "1",
  month =        apr,
  pages =        "17--23",
}

@Unpublished{Croisier:ICISS-PCS-76,
  author =       "A. Croisier and D. Esteban and C. Galand",
  title =        "Perfect Channel Splitting by use of
                 interpolation\slash decimation\slash tree
                 decomposition techniques",
  note =         "Presented at the Int. Conf. Inform. Sci. Syst.,
                 Patras, Greece",
  year =         "1976",
}

@InProceedings{Esteban:CASSP-77-91,
  author =       "D. Esteban and C. Galand",
  title =        "Application of Quadrature Mirror Filters to
                 Split-band Voice Coding Schemes",
  booktitle =    "Proc. IEEE Int. Conf. Acoust., Speech, Signal
                 Processing",
  address =      "Hartford, CT",
  month =        may,
  year =         "1977",
  pages =        "191--195",
}

@Book{Vaidyanathan:MFB-92,
  author =       "P.P. Vaidyanathan",
  title =  "Multirate Filter Banks and Wavelets",
  publisher = pub-prentice-hall,
  address = pub-prentice-hall:adr,
  year = 1992,
}  
  
@Article{Vaidyanathan:ASSP-35-476,
  author =       "P.P. Vaidyanathan",
  title =        "Theory and Design of {$M$}-Channel Maximally
                 Decimated Quadrature Mirror Filters with Arbitrary
                 {$M$}, Having the Perfect-reconstruction property",
  journal =      j-ieee-assp,
  volume =       "35",
  number =       "4",
  month =        apr,
  year =         "1987",
  pages =        "476--492",
}

@Unpublished{quadflat,
  author =       "J.S. Byrnes",
  title =        "Quadrature Mirror Filters, Low Crest Factor Arrays,
               Functions Achieving Optimal Uncertainty Principle Bounds,
	      and Complete Orthonormal Sequences --- a Unified Approach",
  journal =      "Applied and Computational Harmonic Analysis",
  note = "To appear",
}

@Misc{Dyer:CCW88,
  author = "Jim Dyer",
  title = "Command and Control Warfare",
  month = "16~" # nov,
  year = 1988
}

@TechReport{Durk:MTR-9140,
  author = "Fay S. Durk and Dr. Richard W. Safford",
  title = "Computer Models for Assessing the Effectiveness of {$C^3CM$}",
  institution = inst-mitre,
  address = inst-mitre:adr,
  number = "9140",
  month = nov,
  year = 1983
}

@TechReport{Frueauf:MTR-8428,
  author = "Alexander Frueauf",
  title = "Design of {$C^3CM$} Operational Tests",
  institution = inst-mitre,
  address = inst-mitre:adr,
  number = 8428,
  month = sep,
  year = 1981
}

@TechReport{Blanche:MTR-24155wp,
  author = "Raul C. Blanche",
  title = "An Approach to Designing a Command, Control and
           Communications Countermeasures Test and Evaluation ({$C^3CM$
           T\&E})",
  institution = inst-mitre,
  address = inst-mitre:adr,
  type = "Working Paper",
  number = "24155",
  month = jul,
  year = 1982
}

@TechReport{Czulada:MTR-23905wp,
  author = "J.B. Czulada and J.P. Jacobs",
  title = "Computerized Aids for {$C^3$} Countermeasures Decision Making",
  institution = inst-mitre,
  address = inst-mitre:adr,
  type = "Working Paper",
  number = "23905",
  month = nov,
  year = 1981
}

@TechReport{Wickwire:MTR-25134wp,
  author = "Kenneth H. Wickwire",
  title = "Useful {MOE}s for Offensive {$C^3$} Countermeasures",
  institution = inst-mitre,
  address = inst-mitre:adr,
  type = "Working Paper",
  number = "25134",
  month = dec,
  year = 1983
}

@misc{Hall:JQO91,
  author = "C.R. Hall",
  title = "{RADM} {J}ordan's Question on Offensive {SEW}",
  howpublished = "Memorandum for the Record",
  month = "2~" # dec,
  year = 1991
}

@misc{Jacobs:RAJC,
  author = "J.P. Jacobs",
  title = "Rear {A}dmiral {J}ordan's Concerns",
  howpublished = "Memorandum",
}

@article{Newman:IJ-8-419,
  title = "Linear Search Problems",
  author = "D.J. Newman and A. Beck",
  journal = "Israel J.",
  volume = 8,
  pages = "419-429",
  year = 1970
}

@article{Newman:DM-4-57,
  title = "A Note on Growing Binary Trees",
  author = "D.J. Newman and A.G. Konheim",
  journal = "Discrete Math.",
  volume = 4,
  pages = "57-63",
  year = 1973
}

@article{Newman:AM-138-241,
  title = "Theorems on Random Coverings",
  author = "D.J. Newman and L. Flatto",
  journal = "Acta Math.",
  volume = 138,
  pages = "241-264",
  year = 1977
}

@article{Schay:IBMJ-6-246,
  author = "G. Schay",
  title = "Approximate Methods for a Multiqueuing Problem",
  journal = "IBM J. of Research and Development",
  volume = 6,
  pages = "246-250",
  year = 1962
}

@article{Schay:IBMJ-7-350,
  author = "G. Schay",
  title = "On a Queueing Problem Arising in Recirculating Memories",
  journal = "IBM J. of Research and Development",
  volume = 7,
  pages = "350-353",
  year = 1963
}

@misc{Intrator:FR-92,
  author = "N. Intrator and D. Reisfeld and Y. Yeshuran",
  title = "Face Recognition Using a Hybrid Supervised/Unsupervised
  Neural Network",
  year = 1992,
  note = "Preprint"
}

@misc{Chu:LDCCM-92,
  author =       "K.C. Chu",
  title  =       "Lossless Data Compression Circuit and Method",
  howpublished = "U.S. Patent No. 5,150,430",
  month =	 sep,
  year =         "1992",
}

@article{Vetterli:MCTDTR-92-161,
  author =       "M. Vetterli and K.M. Uz",
  title  =       "Multiresolution Coding Techniques for Digital
                  Television: {A} Review",
  journal =      "Multidimensional Systems and Signal Processing",
  volume =	 "3",
  year =         "1992",
  publisher =    pub-kluwer,
  address =      pub-kluwer:adr,
  pages =        "161--187",
}

@article{Veldhuis:BRASC-92-86,
  author =       "R.N.J. Veldhuis",
  title =        "Bit Rates in Audio Source Coding",
  journal =	 "IEEE Journal on Selected Areas in Communications",
  volume =	 "10",
  number =       "1",
  year =         "1992",
}

@Book{Pickles:IPH-88,
  author =       "J. Pickles",
  title =        "An Introduction to the Physiology of Hearing",
  booktitle =    "An Introduction to the Physiology of Hearing",
  edition =      "2nd",
  publisher =    pub-acad-pr,
  address =      pub-acad-pr:adr,
  year =         "1988",
}

@Article{Zweig:JASA-89-1229,
  author =       "G. Zweig",
  title =        "Finding the Impedance in the Organ of Corti",
  journal =      j-acoust-soc-amer,
  volume =       "89",
  year =         "1991",
  pages =        "1229--1254",
}

@article{Benedetto:WAMDC-93,
  author =       "J. Benedetto and A. Teolis",
  title =        "Wavelet Auditory Models and Data Compression",
  journal =      "Applied and Computational Harmonic Analysis",
  year =         "1993",
  note =         "To appear",
}

@misc{Benedetto:NMA-93,
  author =       "J. Benedetto and A. Teolis",
  title  =       "Nonlinear Method and Apparatus for Coding and
		  Decoding Acoustic Signals with Data Compression and Noise
		  Suppression Using Cochlear Filters, Wavelet Analysis, and
		  Irregular Sampling Reconstruction",
  howpublished = "U.S. Patent pending",
  year =         "1993",
}

@Book{Schuknecht:PE-74,
  author =       "H. Schuknecht",
  title =        "Pathology of the Ear",
  booktitle =    "Pathology of the Ear",
  publisher =    "Harvard University Press",
  year =         "1974",
}

@Book{Warren:AP-82,
  author =       "R. Warren",
  title =        "Auditory Perception",
  booktitle =    "Auditory Perception",
  publisher =    "Pergamon Press",
  address =      "New York",
  year =         "1982",
}

@Article{Liu:ITNN-3-477,
  author =       "W. Liu and A. Andreou and M. Goldstein",
  title =        "Voiced-Speech Representation by an Analog Silicon
                  Model of Auditory Periphery",
  journal =      "IEEE Trans. on Neural Networks",
  volume =       "3",
  year =         "1992",
  pages =        "477--487",
}

@PhdThesis{Ostheimer:PFP-93,
  author =       "G. Ostheimer",
  title =        "Parallel Functional Programming for Message Passing
		  Multiprocessors",
  type =         "Ph.D. thesis",
  school =       "University of St. Andrews",
  year =         "1993",
}

@Book{Lass:SLH-3-82,
  editor =       "N. Lass and L. McReynolds and J. Northern and D. Yoder",
  title =        "Speech, Language, and Hearing",
  booktitle =    "Speech, Language, and Hearing",
  volume =       "III: Hearing Disorders",
  publisher =    "W. B. Saunders Company",
  address =      "Philadelphia",
  year =         "1982",
}


}

@Article{Vaidyanathan:ITE-89-181,
  author =       "P.P. Vaidyanathan and Z. Doganata",
  title = "The Role of Losslessness in Modern Digital Signal Processing",
  journal = j-ieee-ed,
  pages = "181-197",
  month = Aug,
  year = 1989,
}


@Article{Mallat:ASSP-37-2091,
  author =       "S. Mallat",
  title =        "Multifrequency Channel Decompositions of Images and
                 Wavelet Models",
  journal =      j-ieee-assp,
  year =         "1989",
  volume =       "37",
  number =       "12",
  month =        dec,
  pages =        "2091--2110",
}

@Article{Mallat:TAMS-315-69,
  author =       "S. Mallat",
  title =        "Multiresolution Approximation and Wavelet Orthonormal
                 Bases of {$L^2$}",
  journal =      j-trans-ams,
  year =         "1989",
  volume =       "315",
  month =        sep,
  pages =        "69--87",
}

@Article{Smith:ASSP-38-1446,
  author =       "M. Smith and S. Eddins",
  title =        "Analysis/Synthesis Techniques for Subband Coding",
  journal =      j-ieee-assp,
  year =         "1990",
  volume =       "38",
  number =       "8",
  month =        aug,
  pages =        "1446--1456",
}

@Article{Vetterli:SP-6-97,
  author =       "M. Vetterli",
  title =        "Multidimensional Subband Coding: Some Theory and
                 Algorithms",
  journal =      j-sig-proc,
  year =         "1984",
  volume =       "6",
  month =        apr,
  pages =        "97--112",
}

@Article{Vetterli:ITA-35-356,
  title = "Multirate Filter Banks",
  author = "M. Vetterli",
  journal = j-ieee-assp,
  pages = " 356-372",
  volume = 35,
  year = 1987,
}


@Article{Simoncelli:PIEEE-78-652,
  author =       "E. Simoncelli and E. Adelson",
  title =        "Nonseparable Extensions of Quadrature Mirror Filters
                 to Multiple Dimensions",
  journal =      j-proc-ieee,
  year =         "1990",
  volume =       "78",
  number =       "4",
  month =        apr,
  pages =        "652--664",
}

@Article{Chu:ASSP-33-203,
  author =       "Peter L. Chu",
  title =        "Quadrature Mirror Filter Design for an Arbitrary
                 Number of Equal Bandwidth Channels",
  journal =      j-ieee-assp,
  volume =       "33",
  number =       "1",
  month =        feb,
  year =         "1985",
  pages =        "203--218",
}

@Article{Byrnes:SR-12-131,
  author =       "J.S. Byrnes and D.A. Swick",
  title =        "Instant {W}alsh Functions",
  journal =      j-siam-rev,
  volume =       "12",
  year =         "1970",
  pages =        "131",
}

@MastersThesis{Shapiro:EPP-51,
  author =       "H.S. Shapiro",
  title =        "Extremal Problems for Polynomials and Power Series",
  type =         "Sc.{M}. thesis",
  school =       inst-mit,
  year =         "1951",
}

@misc{Benedetto:NWP-ip,
  author = "J. Benedetto and S. Saliani",
  title = "Nonlinear Wavelet Packets",
  note = "In preparation"
}

@inproceedings{Benedetto:STFS-92,
  booktitle = 	"{IEEE-SP} International Symposium on Time-Frequency and
                 Time-Scale analysis",
  address = 	"Victoria, BC",
  year = 	1992,
  author=	"J. Benedetto and A. Teolis",
  title=	"An auditory motivated time-scale signal representation",
}

@techreport{Benedetto:Prometheus-90-1,
  author = "J. Benedetto",
  title = "A Wavelet Auditory Model and Irregular Sampling",
  institution = inst-prometheus,
  number = "90-1",
  year = 1990
}

@InProceedings{Benedetto:ICASSP-93-ta,
  author = "J. Benedetto and S. Li",
  title = "Multiresolution Analysis Frames with Applications", 
  booktitle = "Proceedings of ICASSP",
  year = 1993,
  note = "To appear"
}

@Misc{Benedetto:WAM-92-2,
  author =       "J. Benedetto and J.S. Byrnes and H.S. Shapiro",
  title =        "Wavelet Auditory Models and Irregular Sampling",
  howpublished = "Monthly status report",
  month =        feb,
  year =         "1992",
}

@TechReport{Benedetto:PRO-92-2,
  author =       "J.J. Benedetto and J.S. Byrnes and D.J. Newman and
                 H.S. Shapiro and A. Teolis",
  title =        "Wavelet Auditory Models and Irregular Sampling",
  number =       "AR-92-2",
  year =         "1992",
  institution =  inst-prometheus,
  note =         "Annual Phase II report",
}

@Book{Anderson:NFR-88,
  author =       "J. Anderson and E. Rosenfeld",
  title =        "Neurocomputing: Foundations of Research",
  publisher =    pub-mit,
  address =      pub-mit:adr,
  year =         "1988",
}

@Book{DARPA:NNS-90,
  author =       "DARPA",
  title =        "Neural Network Study",
  publisher =    pub-afcea,
  address =      pub-afcea:adr,
  year =         "1990",
}

@Book{Rosenblatt:PN-59,
  author =       "F. Rosenblatt",
  title =        "Principles of Neurodynamics",
  publisher =    pub-spartan,
  year =         "1959",
}

@Misc{ED:TA-92,
  author =       "Electronic Design",
  title =        "Technology Advances",
  month =        jan,
  year =         "1992",
}

@Book{Haussmann:MAI-90,
  editor =       "W. Haussmann and K. Jetter",
  title =        "Multivariate Approximation and Interpolation",
  booktitle =    "Multivariate Approximation and Interpolation",
  publisher =    pub-birkhauser,
  year =         "1990",
  series =       "ISNM Series Math.",
  address =      "Basel",
}

@InProceedings{Rumelhart:LIR-PDP-88,
  author =       "D. Rumelhart and G. Hinton and R. Williams",
  title =        "Learning Internal Representations by Error
                 Propagation",
  crossref =     "Rumelhart:PDP-88",
}

@Proceedings{Rumelhart:PDP-88,
  editor =       "David Rumelhart and G. McClelland",
  title =        "Parallel Distributed Processing: Explorations in the
                 Microstructure of Cognition",
  booktitle =    "Parallel Distributed Processing: Explorations in the
                 Microstructure of Cognition",
  publisher =    pub-mit # pub-mit:adr,
  year =         "1988",
}
@Article{Beutler:SIAM-8-328,
  author = "F. Beutler",
  title = "Error free recovery of signals from irregularly spaced samples",
  journal = j-siam-rev,
  volume = 8,
  year = 1966, 
  pages= "328-335",
}

@Misc{NL,
  key = j-nat-lampoon,
  title = j-nat-lampoon,
  note = "Some issues more than others",
}

@Article{Butzer:STL-JDM-90-1,
  author = "P. Butzer and et al.",
  title = "The sampling theorem and linear prediction in signal analysis",
  journal = j-deutsch-math-v,
  volume = 90,
  year = 1988,
  pages = "1-70",
}

@Article{Yao:ITCT-14-404,
  author = "K. Yao and J. Thomas",
  title = "On some stability and interpolatory properties of nonuniform
          sampling expansions",
  journal = j-ieee-circuit-th,
  volume = 14,
  year = 1967, 
  pages = "404-408",
}

@Book{Akansu:MSD-92,
  author = "Ali Akansu and R. Haddad",
  title = "Multiscale Signal Decompositions",
  publisher = pub-acad-pr,
  address = pub-acad-pr:adr,
  year = 1992,
}

@Book{Malvar:SPL-92,
  title = "Signal Processing with Lapped Orthogonal Transforms",
  author = "H. Malvar",
  publisher = pub-artech,
  address = pub-artech:adr,
  year = 1992,
}

@Article{Rioul:WSP-91,
  title = "Wavelets and Signal Processing",
  author = "O. Rioul and M. Vetterli",
  journal = j-assp-mag,
  month = Oct,
  year = 1991,
}

@article{Coifman:CRASP-312-259,
  author = "R.R. Coifman and Y. Meyer",
  title = "Remarques sur l'analyse de Fourier {\`a} fen{\^e}tre",
  journal = j-cr-acadsci-paris,
  volume = 312,
  series = "S{\'e}rie {I}",
  year = 1991,
  pages = "259--261",
}

@article{Wickerhauser:ETIT-32-712,
  author = "M.V. Wickerhauser and R.R. Coifman",
  title = "Entropy based methods for best basis selection",
  journal = j-ieee-inf-th,
  volume = 32,
  year = 1992,
  month = Mar,
  pages = "712--718",
}

@inproceedings{Wickerhauser:CSC-91-23,
  author = "M.V. Wickerhauser",
  title = "Fast approximate factor analysis",
  crossref = "SPIE:CSC-91",
  pages = "23--32",
}

@proceedings{SPIE:CSC-91,
  booktitle = "Curves and Surfaces in Computer Vision and Graphics {II}:
               {SPIE} Proceedings Volume 1610",
  address = "Boston",
  year = 1991,
}

@Book{Ruskai:WTA-92,
  title =        "Wavelets and Their Applications",
  booktitle =        "Wavelets and Their Applications",
  publisher =    pub-jones-bartlett,
  address =    pub-jones-bartlett:adr,
  year =         1992,
  editor =       "M.-B. Ruskai and G. Beylkin and R. Coifman and I.
                 Daubechies and S. Mallat and Y. Meyer and L. Raphael",
}

@book{Muchnik:FMS-88,
  author = "I.B. Muchnik and others",
  title = "Functional Multidimensional Scaling",
  publisher = pub-nauka,
  address = pub-nauka:adr,
  year = 1988,
}

@book{Braverman:SME-83,
  author = "E.M. Braverman and I.B. Muchnik",
  title = "Structural Methods for Empirical Data Treatment",
  publisher = pub-nauka,
  address = pub-nauka:adr,
  year = 1983,
}

@book{Muchnik:IAH-74,
  author = "I.B. Muchnik and N. Zavalishkin", 
  title = "Image Analysis and Human Perception",
  publisher = pub-nauka,
  address = pub-nauka:adr,
  year = 1974,
}

@article{Motll:LAE-5-714,
  author = "V.V. Motll and  I.B. Muchnik", 
  title = "Linguistic Analysis of Experimental Curves",
  journal = j-proc-ieee,
  pages = "714-736",
  year = 1979,
}

@Article{Gabor:JIEEE-93-429,
  author =       "D. Gabor",
  title =        "Theory of Communication",
  journal =      j-ieee,
  volume =       "93",
  year =         "1946",
  month =        nov,
  pages =        "429--457",
}

@Article{Heil:SR-31-628,
  author =       "C. Heil and D. Walnut",
  title =        "Continuous and Discrete Wavelet Transforms",
  journal =      j-siam-rev,
  volume =       "31",
  year =         "1989",
  pages =        "628--666",
}

@article{Greenberg:JPHN-16-628,
  author=	"Greenberg, S.",
  title=	"Acoustic Transduction in the Auditory Periphery",
  journal=	j-phonetics,
  volume=	16,
  year=		1988,
  pages=	"628-666",
 }

@article{Morishita:KYB-11-154,
 author=	"Morishita, I. and Yajima, A.",
 title=		"Analysis and Simulation of Networks of Mutually Inhibiting Neurons",
 journal=	j-kyber,
 volume=	11,
 year=		1972,
 pages=		{154--165},
 }

@article{Shamma:JASA-78-1612,
  author=	"S. Shamma",
  title=	"Speech processing in the auditory system {I}: The representation of speech sounds in the responses of the auditory nerve",
  journal=	j-acoust-soc-amer,
  volume=	78, 
  year=		1985, 
  month=	nov,
  number=	5,
  pages=	"1612--1621",
}

@article{Shamma:JASA-78-1622,
  author=	"S. Shamma",
  title=	"Speech processing in the auditory system {II}: Lateral inhibition and the central processing of speech evoked activity in the auditory nerve",
  journal=	j-acoust-soc-amer,
  volume=	78, 
  year=		1985, 
  month=	nov,
  number=	5,
  pages=	"1622--1632",
}

@article{Pfeiffer:JASA-58-867,
  author=	"R. R. Pfeiffer and D. O. Kim.",
  title=	"Cochlear nerve fiber responses: Distribution along the cochlear partition",
  journal=	j-acoust-soc-amer,
  volume=	58,
  year=		1975,
  pages=	{867--869}
}

@article{Allen:CM-2-85,
  author=	"J. Allen",
  title=	"Cochlear modeling",
  journal=	j-assp-mag,
  volume=	2,
  year=		1985,
  pages=	{3--29},
}

@article{Daubechies:JMPS-27-1271,
  author =	"I. Daubechies and  A. Grossman and Y. Meyer",
  title =	"Painless nonorthogonal expansions",
  journal =	j-math-phys,
  month =	may,
  volume =	27,
  number =	5,
  year =	1986,
  pages =	"1271--1283",
}

@article{Heil:JSR-31-628,
  author =       "C. Heil and D. Walnut",
  title =        "Continuous and Discrete Wavelet Transforms",
  journal =      j-siam-rev,
  volume =       31,
  year =         1989,
  pages =        "628--666",
}

@inproceedings{Tremain:CELP-88-491,
  author=	"T.E. Tremain and J.P. Campbell and V.C. Welch",
  title=	"A 4.8 Kbps Code Excited Linear Predictive Coder",
  booktitle=	"Proceedings of the Mobile Satellite Conf.",
  month=	may,
  year=		1988,
  pages=	{491-496},
}

@article{Atal:PC-67-360,
   author=	"B. Atal and M. Schroeder",
   title=	"Predictive coding of speech signals",
   journal=	"Proc. 1967 Conference on Communications and Processing",
   month=	nov,
   year=	1967,
   pages=	{360--361},
}

@article{Atal:ASSP-27-247,
   author=	"B. Atal and M. Schroeder",
   title=	"Predictive coding of speech signals and Subjective
                 Error Criteria",
   journal=	j-ieee-assp,
   volume = 27,
   year=	1979,
   pages=	"247-254"
}

@article{Atal:BST-49-1973,
   author=	"B. Atal and M. Schroeder",
   title=	"Adaptive predictive coding of speech signals",
   journal=	j-bell-sys-tech,
   year=	1970,
   volume=	49,
   pages=	{1973--1986},
}

@article{Schroeder:JASA-66-1647,
  author = "M.R. Schroeder and B.S. Atal and J.L. Hall",
  title = "Optimizing Digial Speech Coding by Exploiting Masking
           Properties of the Human Ear",
  journal = j-acoust-soc-amer,
  volume = 66,
  pages = "1647-1652",
  year = 1979
}

@article{Schroeder:ICASSP-85-937,
   author=	"M. Schroeder and B. Atal",
   title=	"Code excited linear prediction (CELP): high quality speech at very low bit rates",
   address=	"Tampa, FL",
   journal=	j-proc-icassp,
   year=	1985,
   pages=	{937--940},
}

@article{Hellman:PP-11-241,
  author = "R.P. Hellman",
  title = "Asymmetry in Masking Between Noise and Tone",
  journal = j-perception-psychophysics,
  volume = 11,
  pages = "241-246"
}

@article{Chair:AES-22-98,
  author = "Z. Chair and P.K. Varshney",
  title = "Optimal Data Fusion in Multiple Sensor Detection Systems",
  journal = j-ieee-aerospace,
  volume = "AES-22",
  number = 1,
  pages = "98-101",
  month = jan,
  year = 1986
}

@Book{Gibbons:NSI-71,
  author =       "J.D. Gibbons",
  title =        "Nonparametric Statistical Inference",
  publisher =    pub-mcgraw-hill,
  year =         1971,
  address =   pub-mcgraw-hill:adr,
}

@article{Gorman:NN-1-75,
  author = "R.P. Gorman and T.J. Sejnowski",
  title = "Analysis of Hidden Units in a Layered Network Trained to
  Classify Sonar Targets",
  journal = j-neural-networks,
  volume = 1,
  pages = "75-89",
  year = 1988
}

@book{Hager:TDS-90,
  author = "G.D. Hager",
  title = "Task Directed Sensor Fusion and Planning: {A} Computational
           Approach",
  publisher = pub-kluwer,
  address = pub-kluwer:adr,
  year = 1990,
}

@book{Hedges:SMM-85,
  author = "V. Hedges and I. Olkin",
  title = "Statistical Methods for Meta-Analysis",
  publisher = pub-acad-pr,
  address = pub-acad-pr:adr,
  year = 1985,
}

@article{Miller:INFT-18-241,
  author = "J.H. Miller and J.B. Thomas",
  title = "Detectors for Discrete Time Signals in non-{G}aussian Noise",
  journal = j-ieee-inf-th,
  volume = "IT-18",
  number = 3,
  pages = "241-250",
  month = mar,
  year = 1972
}

@article{Reibman:AES-23-24,
  author = "A.R. Reibman and L.W. Nolte",
  title = "Optimal Decision Performance of Distributed Sensor Systems",
  journal = j-ieee-aerospace,
  volume = "AES-23",
  number = 1,
  pages = "24-30",
  month = jan,
  year = 1987
}

@inproceedings{Tsitsiklis:IEEEDC-86-232,
  author = "J.N. Tsitsiklis",
  title = "On Threshold Rules in Decentralized Detection",
  booktitle = "Proc. IEEE Conf. Decision Control",
  pages = "232-236",
  month = dec,
  year = 1986
}

@article{Thomopoulous:AES-23-644,
  author = "S.C.A. Thomopoulos and R. Viswanathan and D. Bougoulias",
  title = "Optimal Decision Fusion in Multiple Sensor Systems",
  journal = j-ieee-aerospace,
  volume = "AES-23",
  number = 5,
  pages = "644-653",
  month = sep,
  year = 1987
}

@book{VanTrees:DEM-I-68,
  author = "H.L. VanTrees",
  title = "Detection, Estimation and Modulation Theory",
  volume = "I",
  publisher = pub-wiley,
  address = pub-wiley:adr,
  year = 1968
}

@incollection{Perlovsky:NNS-87,
  author = "L.I. Perlovsky",
  title = "Multiple Sensor Fusion and Neural Networks",
  booktitle = "DARPA Neural Network Study",
  publisher = "MIT/Lincoln Laboratory",
  address = "Lexington, MA",
  year = 1987
}

@Book{Chui:WTTA-92,
  title =        "Wavelets: {A} Tutorial in Theory and Applications",
  booktitle =    "Wavelets: {A} Tutorial in Theory and Applications",
  publisher =    pub-acad-pr,
  address =      pub-acad-pr:adr,
  year =         "1992",
  editor =       "C.K. Chui",
}
