%% /u/sy/beebe/tex/bib/postscri.bib, Fri Aug 31 11:39:30 1990
%% Edit by Nelson H. F. Beebe <beebe at plot79.math.utah.edu>

%%% ====================================================================
%%%  BibTeX-file{
%%%     author          = "Nelson H. F. Beebe",
%%%     version         = "1.33",
%%%     date            = "12 November 1994",
%%%     time            = "21:27:28 MST",
%%%     filename        = "postscri.bib",
%%%     address         = "Center for Scientific Computing
%%%                        Department of Mathematics
%%%                        University of Utah
%%%                        Salt Lake City, UT 84112
%%%                        USA",
%%%     telephone       = "+1 801 581 5254",
%%%     FAX             = "+1 801 581 4148",
%%%     checksum        = "17609 1188 4455 39488",
%%%     email           = "beebe at math.utah.edu (Internet)",
%%%     codetable       = "ISO/ASCII",
%%%     keywords        = "bibliography, PostScript",
%%%     supported       = "yes",
%%%     docstring       = "This bibliography collects publications
%%%                        about the PostScript page description
%%%                        language.
%%%
%%%                        CONVENTIONS
%%%
%%%                        Books are tagged by the first author's last
%%%                        name, a colon, up to 3 upper-case letters
%%%                        taken from the first three upper-case words
%%%                        in the title (ignoring words like A, And,
%%%                        The), followed by the last two digits of
%%%                        the publication year.  If there is a volume
%%%                        entry, it is appended to the tag, prefixed
%%%                        by a hyphen.
%%%
%%%                        For Dutch authors, a van part is included
%%%                        in the author tag.  For names with accented
%%%                        letters, accents are dropped in the author
%%%                        tag.
%%%
%%%                        This scheme is systematic enough that it
%%%                        can be programmed: most of the
%%%                        Addison-Wesley book entries were created
%%%                        with an awk program from a dump of the AW
%%%                        database supplied by Mona Zeftel.  Older
%%%                        entries in this bibliography were modified
%%%                        on 28-Nov-1990 to conform to this tagging
%%%                        scheme.
%%%
%%%                        The choice of a limit of 3 letters was
%%%                        determined from experiments on the
%%%                        Addison-Wesley collection.  Long tags are
%%%                        undesirable because they are a nuisance to
%%%                        type, and also interfere with the tagged
%%%                        bibliography output produced using the
%%%                        LaTeX showtags style option.
%%%
%%%                        Journal article tags look like
%%%                        author:abbrev-volume-number-page, where the
%%%                        author part is the last name of the first
%%%                        author: for example,
%%%                        Gilchrist:NAMS-36-9-1199.
%%%
%%%                        Technical report tags look like
%%%                        author:abbrev-number: for example,
%%%                        Billawala:STAN-CS-89-1256.
%%%
%%%                        The Como InProceedings entries look like
%%%                        author:TEX85-page: for example,
%%%                        Agostini:TEX85-117.  Other InProceedings
%%%                        entries should follow a similar style.
%%%
%%%                        Entries are stored ordered by the BibTeX
%%%                        tag name, independent of the entry type
%%%                        (the GNU Emacs function sort-bibtex-entries
%%%                        can be used to ensure correct ordering).
%%%                        However, entries that are cross-referenced
%%%                        by others are stored at the end of the
%%%                        file, since that order is required by
%%%                        BibTeX.
%%%
%%%                        With few exceptions, value fields for
%%%                        acknowledgement, address, journal, and
%%%                        publisher keywords should use macros
%%%                        defined in the string preamble below.  This
%%%                        helps to ensure consistency, and reduces
%%%                        the entry sizes.  Address entries must
%%%                        always include the country.
%%%
%%%                        The checksum field above contains a CRC-16
%%%                        checksum as the first value, followed by the
%%%                        equivalent of the standard UNIX wc (word
%%%                        count) utility output of lines, words, and
%%%                        characters.  This is produced by Robert
%%%                        Solovay's checksum utility."
%%%                        checksum as the first value, followed by the
%%%                        equivalent of the standard UNIX wc (word
%%%                        count) utility output of lines, words, and
%%%                        characters.  This is produced by Robert
%%%                        Solovay's checksum utility.",
%%%  }
%%% ====================================================================

@Preamble{"\input bibnames.sty "
 # "\input path.sty "
 # "\ifx \POSTSCRIPT \undefined \def \POSTSCRIPT {{Post\-Script}} \fi"
 # "\hyphenation{Ker-n-i-ghan Port-able  Post-Script Pren-tice Richt-er
    Spring-er} "
}

@String{ack-bkph = "Berthold K. P. Horn,
                e-mail: \path|bkph@ai.mit.edu|"}
@String{ack-nhfb = "Nelson H. F. Beebe,
                    Center for Scientific Computing,
                    Department of Mathematics,
                    University of Utah,
                    Salt Lake City, UT 84112, USA,
                    Tel: +1 801 581 5254,
                    FAX: +1 801 581 4148,
                    e-mail: \path|beebe@math.utah.edu|"}

@String{j-BYTE          = "Byte Magazine"}
@String{j-CGF           = "Computer Graphics Forum"}
@String{j-COMP-LIB      = "Computers in Libraries"}
@String{j-DDJ           = "Dr. Dobbs Journal"}
@String{j-FORTH-APP-RES = "Journal of FORTH Application and Research"}
@String{j-PC-COMPUTING  = "PC\slash Computing"}
@String{j-PLJ           = "The {\POSTSCRIPT} Language Journal"}

@String{pub-ACM         = "ACM Press"}
@String{pub-ACM:adr     = "New York, NY 10036, USA"}
@String{pub-ADOBE       = "Adobe Systems Incorporated"}
@String{pub-ADOBE:adr   = "1585 Charleston Road, P.~O. Box 7900,
                           Mountain View, CA 94039-7900, USA,
                           Tel: (415) 961-4400"}
@String{pub-ADOBE-PRESS = "Adobe Press"}
@String{pub-ADOBE-PRESS:adr = "Mountain View, CA, USA"}
@String{pub-AW          = "Ad{\-d}i{\-s}on-Wes{\-l}ey"}
@String{pub-AW:adr      = "Reading, MA, USA"}
@String{pub-CUP         = "Cambridge University Press"}
@String{pub-CUP:adr     = "New York"}
@String{pub-HANSER      = "Carl Hanser"}
@String{pub-HANSER:adr  = "M{\"u}nchen, Germany"}
@String{pub-HAYDEN      = "Hayden Books"}
@String{pub-HAYDEN:adr  = "4300 West 62nd Street, Indianapolis, IN
                           46268, USA"}
@String{pub-HBJ         = "Harcourt Brace Jovanovich"}
@String{pub-HBJ:adr     = "Boston, MA, USA"}
@String{pub-HWS         = "Howard W. Sams"}
@String{pub-HWS:adr     = "Indianapolis, IN 46268, USA"}
@String{pub-MH          = "Mc{\-}Graw-Hill"}
@String{pub-MH:adr      = "New York, NY, USA"}
@String{pub-MT          = "M\&T Books"}
@String{pub-MT:adr      = "M\&T Publishing, Inc., 501 Galveston Drive,
                           Redwood City, CA 94063, USA"}
@String{pub-PEACHPIT    = "Peachpit Press, Inc."}
@String{pub-PEACHPIT:adr= "1085 Keith Avenue, Berkeley, CA 94708, USA"}
@String{pub-PH          = "Pren{\-}tice-Hall"}
@String{pub-PH:adr      = "Englewood Cliffs, NJ 07632, USA"}
@String{pub-SF          = "Scott, Foresman and Company"}
@String{pub-SF:adr      = "Glenview, IL, USA"}
@String{pub-SV          = "Spring{\-}er-Ver{\-}lag"}
@String{pub-SV:adr      = "Berlin, Germany~/ Heidelberg, Germany~/
                           London, UK~/ etc."}
@String{pub-SYBEX       = "Sybex"}
@String{pub-SYBEX:adr   = "2021 Challenger Driver, Suite 100, Alameda,
                           CA 94501, USA"}
@String{pub-VNR         = "Van Nostrand Reinhold"}
@String{pub-VNR:adr     = "New York, NY, USA"}

@Book{Adobe:AT1.190,
  author =       pub-ADOBE,
  title =        "Adobe Type 1 Font Format---Version 1.1",
  publisher =    pub-AW,
  address =      pub-AW:adr,
  year =         "1990",
  month =        aug,
  ISBN =         "0-201-57044-0",
  libnote =      "Not yet in my library.",
}

@Manual{Adobe:AT190,
  title =        "Adobe Type 1 Font Format",
  organization = pub-ADOBE,
  address =      pub-ADOBE:adr,
  year =         "1990",
  month =        mar,
  partnumber =   "LPS0064",
}

@Misc{Adobe:colophon,
  author =       "{Adobe Systems Incorporated}",
  title =        "{Colophon}\emdash {Adobe} {Systems} {News}
                 {Publication}",
}

@TechReport{Adobe:docstruct-spec,
  author =       "{PostScript Developer Support Group}",
  title =        "{Document Structuring Conventions} Specification,
                 Version 2.1",
  institution =  pub-ADOBE,
  year =         "1989",
  number =       "PN LPS5001",
  address =      pub-ADOBE:adr,
  month =        jan # " 16",
  note =         "Available electronically from
                 \path|ps-file-server@adobe.com| in response to an
                 e-mail request {\tt send Documents
                 \path|struct.ps.Zba|}. The request {\tt send Index}
                 will return a complete index for the server.",
}

@Manual{Adobe:DPS88,
  title =        "The Display {\POSTSCRIPT} System Reference",
  organization = pub-ADOBE,
  year =         "1988",
  month =        oct # " 10",
}

@TechReport{Adobe:epsf-spec,
  author =       "{Adobe {\POSTSCRIPT} Developer Support Group}",
  title =        "{Encapsulated {\POSTSCRIPT} Files} Specification
                 Version 2.0",
  institution =  pub-ADOBE,
  year =         "1989",
  number =       "PN LPS5002",
  address =      pub-ADOBE:adr,
  month =        jun # " 5",
  note =         "Available electronically from
                 \path|ps-file-server|\char64\path|adobe.com| in
                 response to an e-mail request {\tt send Documents
                 \path|EPSF.ps.Zba|}. The request {\tt send Index} will
                 return a complete index for the server.",
}

@Book{Adobe:PDP92,
  author =       "{Adobe Systems Incorporated}",
  title =        "Programming the Display {\POSTSCRIPT} System with
                 {NeXTSTEP}",
  publisher =    pub-AW,
  year =         "1992",
  ISBN =         "0-201-58135-3",
  LCCN =         "91-31035, QA76.73.P67 P76 1991",
  address =      pub-AW:adr,
  pages =        "xxvii + 380",
  bibdate =      "Wed Mar 2 11:46:51 1994",
  acknowledgement = ack-nhfb,
}

@Book{Adobe:PDP93,
  author =       "{Adobe Systems Incorporated}",
  title =        "Programming the Display {\POSTSCRIPT} System with
                 {X}",
  publisher =    pub-AW,
  year =         "1993",
  ISBN =         "0-201-62203-3",
  LCCN =         "QA76.73.P67 D57 1993",
  address =      pub-AW:adr,
  price =        "US\$29.95",
  bibdate =      "Fri Jul 22 08:24:39 1994",
  acknowledgement = ack-nhfb,
}

@Book{Adobe:PLP88,
  author =       "Glenn C. Reid",
  title =        "{\POSTSCRIPT} Language Program Design",
  publisher =    pub-AW,
  address =      pub-AW:adr,
  year =         "1988",
  ISBN =         "0-201-14396-8",
  LCCN =         "QA76.73.P67 R45 1988",
  pages =        "xii + 224",
  bibdate =      "Tue Dec 14 22:55:22 1993",
}

@Book{Adobe:PLR85,
  author =       pub-ADOBE,
  title =        "{\POSTSCRIPT} Language Reference Manual",
  publisher =    pub-AW,
  address =      pub-AW:adr,
  year =         "{\noopsort{1985a}}1985",
  ISBN =         "0-201-10174-2",
  LCCN =         "QA76.73.P67 A33 1985",
  keywords =     "PostScript (computer program language)",
  pages =        "ix + 321",
  price =        "US\$22.95",
  bibdate =      "Fri Aug 19 00:38:01 1994",
}

@Book{Adobe:PLR90,
  author =       pub-ADOBE,
  title =        "{\POSTSCRIPT} Language Reference Manual",
  edition =      "Second",
  publisher =    pub-AW,
  address =      pub-AW:adr,
  year =         "1990",
  ISBN =         "0-201-18127-4",
  LCCN =         "QA76.73.P67 P67 1990",
  pages =        "viii + 764",
  bibdate =      "Tue Dec 14 22:33:36 1993",
}

@Book{Adobe:PLT85,
  author =       pub-ADOBE,
  title =        "{\POSTSCRIPT} Language Tutorial and Cookbook",
  publisher =    pub-AW,
  address =      pub-AW:adr,
  year =         "{\noopsort{1985b}}1985",
  ISBN =         "0-201-10179-3",
  LCCN =         "QA76.73.P67 A34 1985",
  keywords =     "PostScript (computer program language)",
  pages =        "x + 243",
  price =        "US\$16.95",
  bibdate =      "Fri Aug 19 00:38:21 1994",
}

@Book{Ames:BP93,
  author =       "Patrick Ames",
  title =        "Beyond Paper: The Official Guide to Adobe Acrobat",
  publisher =    pub-ADOBE-PRESS,
  year =         "1993",
  ISBN =         "1-56830-050-6",
  address =      pub-ADOBE-PRESS:adr,
  pages =        "127",
  price =        "US\$16.95",
  acknowledgement = ack-nhfb,
  bibdate =      "Thu May 12 08:10:51 1994",
}

@Article{Anonymous:PLJ-1-1-19,
  author =       "Anonymous",
  title =        "How to draw the spiral",
  journal =      j-PLJ,
  year =         "1987",
  volume =       "1",
  number =       "1",
  pages =        "19--20",
  month =        may,
  acknowledgement = ack-nhfb,
  bibdate =      "Fri Jul 22 00:38:29 1994",
}

@Article{Anonymous:PLJ-1-1-21,
  author =       "Anonymous",
  title =        "When 300 {DPI} isn't enough",
  journal =      j-PLJ,
  year =         "1987",
  volume =       "1",
  number =       "1",
  pages =        "21--27",
  month =        may,
  acknowledgement = ack-nhfb,
  bibdate =      "Sat Aug 27 10:59:12 1994",
}

@Article{Anonymous:PLJ-1-1-28,
  author =       "Anonymous",
  title =        "Typeface protection",
  journal =      j-PLJ,
  year =         "1987",
  volume =       "1",
  number =       "1",
  pages =        "28--31",
  month =        may,
  acknowledgement = ack-nhfb,
  bibdate =      "Fri Jul 22 00:40:20 1994",
}

@Article{Anonymous:PLJ-1-3-13,
  author =       "Anonymous",
  title =        "Color separations of {\POSTSCRIPT} files",
  journal =      j-PLJ,
  year =         "1987",
  volume =       "1",
  number =       "3",
  pages =        "13--18",
  month =        nov,
  acknowledgement = ack-nhfb,
  bibdate =      "Fri Jul 22 00:48:41 1994",
}

@Article{Apiki:BYTE-13-9-164,
  author =       "Steve Apiki and Stan Diehl",
  title =        "{\POSTSCRIPT} printers come of age",
  journal =      j-BYTE,
  year =         "1988",
  volume =       "13",
  number =       "9",
  pages =        "164--178",
  month =        sep,
  acknowledgement = ack-nhfb,
  bibdate =      "Fri Jul 22 00:07:30 1994",
}

@InProceedings{Behrmann-Poitiers:HCR88,
  author =       "J. Behrmann-Poitiers and H. Keil and H. Loebl",
  title =        "Hard copy rendition of {ODA}-documents",
  year =         "1988",
  crossref =     "vanVliet:DMT88",
  pages =        "71--82",
  acknowledgement = ack-nhfb,
  bibdate =      "Fri Jul 22 00:10:11 1994",
}

@Article{Beyer:PLJ-1-2-24,
  author =       "P. Beyer",
  title =        "Designing with {\POSTSCRIPT}",
  journal =      j-PLJ,
  year =         "1987",
  volume =       "1",
  number =       "2",
  pages =        "24--25",
  month =        jun,
  acknowledgement = ack-nhfb,
  bibdate =      "Fri Jul 22 00:44:36 1994",
}

@Book{Bienz:PDF93,
  author =       "Tim Bienz and Richard Cohn",
  title =        "Portable Document Format Reference Manual",
  publisher =    pub-AW,
  year =         "1993",
  ISBN =         "0-201-62628-4",
  LCCN =         "QA76.9.F5P67 1993",
  address =      pub-AW:adr,
  pages =        "xii + 214",
  price =        "US\$24.95",
  acknowledgement = ack-nhfb,
  bibdate =      "Wed Feb 23 14:42:18 1994",
}

@Book{Blatner:RWS93,
  author =       "David Blatner and Steve Roth",
  title =        "Real World Scanning and Halftones",
  publisher =    pub-PEACHPIT,
  year =         "1993",
  ISBN =         "1-56609-093-8",
  LCCN =         "???",
  address =      pub-PEACHPIT:adr,
  pages =        "xx + 275",
  price =        "US\$24.95",
  acknowledgement = ack-nhfb,
  bibdate =      "Wed Feb 23 14:45:54 1994",
}

@Book{Braswell:IP89,
  author =       "Frank Merritt Braswell",
  title =        "Inside {\POSTSCRIPT}",
  ISBN =         "0-938151-10-X",
  LCCN =         "QA76.73.P67 B73 1989",
  publisher =    pub-PEACHPIT,
  year =         "1989",
  address =      pub-PEACHPIT:adr,
  price =        "US\$37.50",
  bibdate =      "Fri Jul 22 08:23:13 1994",
}

@Article{Densmore:CGF-6-3-171,
  author =       "Owen M. Densmore and David S. H. Rosenthal",
  title =        "A user-interface toolkit in object-oriented
                 {\POSTSCRIPT}",
  journal =      j-CGF,
  year =         "1987",
  volume =       "6",
  number =       "3",
  pages =        "171--179",
  month =        sep,
  acknowledgement = ack-nhfb,
  bibdate =      "Thu Jul 21 23:59:28 1994",
}

@Article{Eglowstein:BYTE-14-13-229,
  author =       "Howard Eglowstein",
  title =        "What price color {\POSTSCRIPT}?",
  journal =      j-BYTE,
  year =         "1989",
  volume =       "14",
  number =       "13",
  pages =        "229--232",
  month =        dec,
  acknowledgement = ack-nhfb,
  bibdate =      "Fri Jul 22 01:01:21 1994",
}

@InProceedings{Ellis:PBC89,
  author =       "W. E. Ellis",
  title =        "{\POSTSCRIPT}, {B}{\'e}zier curves, and Chinese
                 Characters",
  year =         "1989",
  crossref =     "Riehl:CTS89",
  pages =        "162--165",
  acknowledgement = ack-nhfb,
  bibdate =      "Wed Aug 10 13:29:26 1994",
}

@Book{Esposito:PTL94a,
  author =       "Tony Esposito and Jean Callan King",
  title =        "{\POSTSCRIPT} Typeface Library: Serif and Script",
  publisher =    pub-VNR,
  year =         "1994",
  ISBN =         "0-442-01491-0",
  LCCN =         "Z250 .E84 1994",
  volume =       "1",
  address =      pub-VNR:adr,
  pages =        "various",
  price =        "US\$34.95",
  acknowledgement = ack-nhfb,
  bibdate =      "Wed Aug 10 11:45:14 1994",
}

@Book{Esposito:PTL94b,
  author =       "Tony Esposito and Jean Callan King",
  title =        "{\POSTSCRIPT} Typeface Library: Sans Serif, Design,
                 Outline, and Ornaments",
  publisher =    pub-VNR,
  year =         "1994",
  ISBN =         "0-442-01494-5",
  LCCN =         "Z250 .E84 1994",
  volume =       "2",
  address =      pub-VNR:adr,
  pages =        "various",
  price =        "US\$34.95",
  acknowledgement = ack-nhfb,
  bibdate =      "Wed Aug 10 11:45:14 1994",
}

@Book{Fink:P92S,
  author =       "Peter Fink",
  title =        "{\POSTSCRIPT} Screening: Adobe Accurate Screens",
  publisher =    pub-ADOBE,
  year =         "1992",
  ISBN =         "0-672-48544-3",
  LCCN =         "????",
  address =      pub-ADOBE:adr,
  pages =        "xvi + 173",
  price =        "US\$24.95",
  acknowledgement = ack-nhfb,
  bibdate =      "Wed Aug 10 09:46:23 1994",
}

@Article{Frahmann:PLJ-1-2-28,
  author =       "Dennis Frahmann",
  title =        "The Interpress Page and Document Description
                 Language",
  journal =      j-PLJ,
  year =         "1987",
  volume =       "1",
  number =       "2",
  pages =        "28--36",
  month =        jun,
  acknowledgement = ack-nhfb,
  bibdate =      "Fri Jul 22 00:46:12 1994",
}

@Article{Glogau:PLJ-1-2-26,
  author =       "J. Glogau",
  title =        "High-end halftoning",
  journal =      j-PLJ,
  year =         "1987",
  volume =       "1",
  number =       "2",
  pages =        "26--27",
  month =        jun,
  acknowledgement = ack-nhfb,
  bibdate =      "Fri Jul 22 00:45:20 1994",
}

@Book{Gosling:NB89,
  author =       "James Gosling and David S. H. Rosenthal and Michelle
                 J. Arden",
  title =        "The {NeWS} Book",
  publisher =    pub-SV,
  address =      pub-SV:adr,
  year =         "1989",
  ISBN =         "0-387-96915-2",
  LCCN =         "QA76.76.W56 A731 1989",
  pages =        "vi + 235",
  acknowledgement = ack-nhfb,
  bibdate =      "Fri Jul 22 00:27:09 1994",
}

@Book{Gosney:VBP90,
  author =       "Michael Gosney and Linnea Dayton and Janet Ashford",
  title =        "The Verbum Book of {\POSTSCRIPT} Illustration",
  publisher =    pub-MT,
  year =         "1990",
  LCCN =         "QA76.73.P67 G57 1990",
  ISBN =         "1-55851-089-3",
  address =      pub-MT:adr,
  pages =        "vii + 213",
  price =        "US\$29.95",
  bibdate =      "Sun Mar 6 17:38:22 1994",
  acknowledgement = ack-nhfb,
}

@InCollection{Goswell:IP87,
  author =       "Crispin A. A. Goswell",
  title =        "An Implementation of {\POSTSCRIPT}",
  chapter =      "2.3",
  crossref =     "Earnshaw:WPS87",
  pages =        "40--53",
  acknowledgement = ack-nhfb,
  note =         "Goswell describes an implementation of {\POSTSCRIPT}
                 which has been widely distributed on the Internet.",
  bibdate =      "Fri Aug 19 12:08:49 1994",
}

@Book{Grant:AAH93,
  author =       "Kenneth Grant and W. David Schwaderer",
  title =        "Adobe Acrobat Handbook: Digital Publishing in the
                 Post-Gutenberg Era",
  publisher =    pub-HWS,
  year =         "1993",
  ISBN =         "0-672-30393-0 (includes diskette)",
  LCCN =         "QA76.76.W56 G833 1993",
  address =      pub-HWS:adr,
  pages =        "xxvii + 254",
  price =        "US\$19.95",
  acknowledgement = ack-nhfb,
  bibdate =      "Thu May 12 08:17:37 1994",
}

@Book{Greco:MCB89,
  author =       "Joseph Greco and James K. Anders and Frank J. Conforti
                 and Mark D. Veljkov",
  title =        "The Macintosh {CAD}/{CAM} book",
  publisher =    pub-SF,
  year =         "1989",
  ISBN =         "0-673-38446-2",
  LCCN =         "TS 155.6 M33 1989",
  address =      pub-SF:adr,
  note =         "The chapter on Macintosh connectivity discusses
                 {\POSTSCRIPT}.",
  pages =        "xvi + 390",
  price =        "US\$24.95",
  acknowledgement = ack-nhfb,
  bibdate =      "Fri Jul 22 00:22:37 1994",
}

@Book{Grosvenor:PFH92,
  author =       "Jonathan Grosvenor and Kaye Morrison and Alexandra
                 Pim",
  title =        "The {\POSTSCRIPT} Font Handbook: {A} Directory of Type
                 1 Fonts",
  publisher =    pub-AW,
  year =         "1992",
  LCCN =         "Z250.7 .P67 1992",
  ISBN =         "0-201-57044-0, 0-201-56893-4",
  address =      pub-AW:adr,
  pages =        "x + 425",
  price =        "US\$24.95",
  bibdate =      "Wed Aug 10 10:47:32 1994",
  acknowledgement = ack-nhfb,
}

@Book{Holzgang:DPP90,
  author =       "David A. Holzgang",
  title =        "Display {\POSTSCRIPT} Programming",
  publisher =    pub-AW,
  address =      pub-AW:adr,
  year =         "1990",
  ISBN =         "0-201-51814-7",
  LCCN =         "QA76.73.P67 H63 1990",
  pages =        "x + 406",
  bibdate =      "Wed Dec 15 09:14:14 1993",
}

@Book{Holzgang:PPR89,
  author =       "David A. Holzgang",
  title =        "{\POSTSCRIPT} Programmer's Reference Guide",
  publisher =    pub-SF,
  address =      pub-SF:adr,
  year =         "1989",
  ISBN =         "0-673-38574-4",
  LCCN =         "QA76.73.P67 H64 1989",
  pages =        "x + 486",
  price =        "US\$24.95",
  bibdate =      "Fri Jul 22 00:53:29 1994",
}

@Book{Holzgang:UPP87,
  author =       "David A. Holzgang",
  title =        "Understanding {\POSTSCRIPT} Programming",
  publisher =    pub-SYBEX,
  address =      pub-SYBEX:adr,
  year =         "1987",
  ISBN =         "0-89588-396-1",
  LCCN =         "QA76.73.P67 H65 1987",
  keywords =     "PostScript (computer program language)",
  pages =        "xxxii + 459",
  price =        "US\$22.95",
  bibdate =      "Fri Aug 19 00:38:55 1994",
}

@Article{Johnson:COMP-LIB-9-1-23,
  author =       "H. Johnson and R. Johnson",
  title =        "{I} can draw it for you--freehand",
  journal =      j-COMP-LIB,
  year =         "1989",
  volume =       "9",
  number =       "1",
  pages =        "23--25",
  month =        jan,
  acknowledgement = ack-nhfb,
  bibdate =      "Fri Jul 22 00:27:41 1994",
}

@Article{Jokinen:PLJ-1-2-20,
  author =       "W. Jokinen",
  title =        "Tips and tricks: setscreen and settransfer",
  journal =      j-PLJ,
  year =         "1987",
  volume =       "1",
  number =       "2",
  pages =        "20--23",
  month =        jun,
  acknowledgement = ack-nhfb,
  bibdate =      "Fri Jul 22 00:43:56 1994",
}

@Article{Jokinen:PLJ-1-3-28,
  author =       "W. Jokinen",
  title =        "{Illustrator} and {Cricket Draw}",
  journal =      j-PLJ,
  year =         "1987",
  volume =       "1",
  number =       "3",
  pages =        "28--34",
  month =        nov,
  acknowledgement = ack-nhfb,
  bibdate =      "Fri Jul 22 00:50:33 1994",
}

@Book{King:1993:DGP,
  author =       "Jean Callan King and Tony Esposito",
  title =        "The Designer's Guide to {\POSTSCRIPT} Text Type",
  publisher =    pub-VNR,
  year =         "1993",
  ISBN =         "0-442-01454-6",
  LCCN =         "Z 250 K49 1993",
  address =      pub-VNR:adr,
  pages =        "415",
  price =        "US\$34.95",
  acknowledgement = ack-nhfb,
  bibdate =      "Wed Aug 10 11:27:07 1994",
}

@Article{Kochan:PLJ-1-1-4,
  author =       "S. G. Kochan",
  title =        "{\POSTSCRIPT} Tutorial: Part 1--The Coordinate
                 System",
  journal =      j-PLJ,
  year =         "1987",
  volume =       "1",
  number =       "1",
  pages =        "4--18",
  month =        may,
  acknowledgement = ack-nhfb,
  bibdate =      "Fri Jul 22 00:37:16 1994",
}

@Article{Kochan:PLJ-1-2-4,
  author =       "S. C. Kochan",
  title =        "{\POSTSCRIPT} Tutorial: Part 2--Basic Graphics
                 Operations",
  journal =      j-PLJ,
  year =         "1987",
  volume =       "1",
  number =       "2",
  pages =        "4--11",
  month =        jun,
  acknowledgement = ack-nhfb,
  bibdate =      "Fri Jul 22 00:42:10 1994",
}

@Article{Kochan:PLJ-1-3-4,
  author =       "S. G. Kochan",
  title =        "{\POSTSCRIPT} Tutorial: Part 3--Working with Text",
  journal =      j-PLJ,
  year =         "1987",
  volume =       "1",
  number =       "3",
  pages =        "4--12",
  month =        nov,
  acknowledgement = ack-nhfb,
  bibdate =      "Fri Jul 22 00:47:18 1994",
}

@Book{Malamud:DNA89,
  author =       "Carl Malamud",
  title =        "{DEC} networks and architectures",
  publisher =    pub-MH,
  year =         "1989",
  ISBN =         "0-07-039822-4",
  LCCN =         "TK5105.5 .M357 1989",
  address =      pub-MH:adr,
  note =         "The last section of the book discusses
                 {\POSTSCRIPT}.",
  pages =        "xix + 472",
  price =        "US\$39.95",
  acknowledgement = ack-nhfb,
  bibdate =      "Fri Jul 22 00:18:04 1994",
}

@Book{McClelland:DPT87,
  author =       "Deke McClelland and Craig Danuloff",
  title =        "Desktop Publishing: Type and Graphics--{A}
                 Comprehensive Handbook",
  publisher =    pub-HBJ,
  year =         "1987",
  ISBN =         "0-15-625298-8",
  LCCN =         "Z286.D47 M37 1987",
  address =      pub-HBJ:adr,
  pages =        "265",
  price =        "US\$29.95",
  acknowledgement = ack-nhfb,
  bibdate =      "Fri Jul 22 00:02:15 1994",
}

@Book{McGilton:PE92,
  author =       "Henry McGilton and Mary Campione",
  title =        "{\POSTSCRIPT} by Example",
  publisher =    pub-AW,
  year =         "1992",
  ISBN =         "0-201-63228-4",
  LCCN =         "QA76.73.P67 M34 1992",
  address =      pub-AW:adr,
  pages =        "xviii + 620",
  price =        "US\$30",
  bibdate =      "Fri Jul 22 08:26:10 1994",
  acknowledgement = ack-nhfb,
}

@Article{Meit:PLJ-1-3-35,
  author =       "A. S. Meit",
  title =        "Digital typeface formats",
  journal =      j-PLJ,
  year =         "1987",
  volume =       "1",
  number =       "3",
  pages =        "35--37",
  month =        nov,
  acknowledgement = ack-nhfb,
  bibdate =      "Fri Jul 22 00:51:22 1994",
}

@InProceedings{Nagy:PPD86,
  author =       "Clinton Nagy",
  title =        "{\POSTSCRIPT}: {A} Page Description Standard",
  crossref =     "Shipman:EPS86",
  year =         "1986",
  pages =        "135--143",
  acknowledgement = ack-nhfb,
  bibdate =      "Fri Jul 22 00:29:07 1994",
}

@Article{Pelli:BYTE-12-5-185,
  author =       "Denis G. Pelli",
  title =        "Programming in {\POSTSCRIPT}",
  journal =      j-BYTE,
  year =         "1987",
  volume =       "12",
  number =       "5",
  pages =        "185--202",
  month =        may,
  acknowledgement = ack-nhfb,
  bibdate =      "Fri Jul 22 00:52:08 1994",
}

@InCollection{Querel:SIP87,
  author =       "Stephane Querel and Bruno Borghi and Daniel de
                 Rauglaudre",
  title =        "{SMSCRIPT}: An interpretor for the {\POSTSCRIPT}
                 language under {UNIX}",
  chapter =      "2.2",
  crossref =     "Earnshaw:WPS87",
  pages =        "27--39",
  acknowledgement = ack-nhfb,
  bibdate =      "Fri Aug 19 12:08:56 1994",
}

@Article{Quirk:BYTE-14-11-203,
  author =       "Kent Quirk",
  title =        "The Language of Lasers",
  journal =      j-BYTE,
  year =         "1989",
  volume =       "14",
  number =       "11",
  pages =        "203--208",
  month =        "Fall",
  acknowledgement = ack-nhfb,
  bibdate =      "Fri Jul 22 01:02:24 1994",
}

@Article{Quirk:TPF89,
  author =       "Kent Quirk",
  title =        "Translating {PCX} files",
  journal =      j-DDJ,
  year =         "1989",
  volume =       "14",
  number =       "8",
  pages =        "30--36",
  month =        aug,
  acknowledgement = ack-nhfb,
  bibdate =      "Fri Jul 22 00:59:06 1994",
}

@Book{Reid:TPS90,
  author =       "Glenn C. Reid",
  title =        "Thinking in {\POSTSCRIPT}",
  publisher =    pub-AW,
  address =      pub-AW:adr,
  year =         "1990",
  ISBN =         "0-201-52372-8",
  LCCN =         "QA76.73.P67 R46 1990",
  pages =        "xiii + 221",
  price =        "US\$22.95",
  acknowledgement = ack-bkph,
  bibdate =      "Fri Jul 22 11:29:35 1994",
}

@Book{Roth:RWP88,
  editor =       "Stephen E. Roth",
  title =        "Real World {{\POSTSCRIPT}}",
  publisher =    pub-AW,
  address =      pub-AW:adr,
  year =         "1988",
  ISBN =         "0-201-06663-7",
  LCCN =         "Z286.D47 R4 1988",
  pages =        "xiv + 383",
  bibdate =      "Wed Dec 15 18:12:59 1993",
}

@Book{Salmon:CGS87,
  author =       "Rod Salmon and Mel Slater",
  title =        "Computer Graphics: Systems and Concepts",
  publisher =    pub-AW,
  year =         "1987",
  ISBN =         "0-201-14656-8",
  LCCN =         "T385 .S24 1987",
  address =      pub-AW:adr,
  note =         "From {\em Computing Reviews\/}: ``In one word, this
                 book is outstanding. {\ldots} there is a good
                 introduction to {\POSTSCRIPT} {\ldots}''",
  pages =        "xvii + 702",
  price =        "US\$38.75",
  acknowledgement = ack-nhfb,
  bibdate =      "Fri Jul 22 11:33:26 1994",
}

@Book{Shneiderman:UIS88,
  author =       "Ben Shneiderman and Thomas Malone and Donald Norman
                 and James Foley",
  title =        "User Interface Strategies '88 (videotape)",
  publisher =    "University of Maryland",
  year =         "1988",
  address =      "College Park, MD",
  note =         "From {\em Computing Reviews\/}: ``User interface
                 strategies '88 was a two-day satellite TV course,
                 taught October 5 and 12, 1988, and organized by Ben
                 Shneiderman. The course features four outstanding
                 researchers in human-computer interaction: Ben
                 Shneiderman, Thomas W. Malone, Donald A. Norman, and
                 James D. Foley. All four speakers are not only leading
                 researchers in their respective areas, but also
                 excellent communicators.

                 This package consists of 10 hours of videotape (eight
                 hours of lectures and two hours of discussion) and four
                 books of supplementary materials. These materials
                 consist of more than 400 pages and contain all the
                 transparencies used in the presentations, annotated
                 bibliographies and relevant papers (except for Malone's
                 area), and a transcript of Norman's lectures.

                 {\ldots} The programming environment features the
                 {NeWS} window system with pie menus, the {EMACS}-editor
                 with tab windows, and a `pseudo-scientific visualizer'
                 for {\POSTSCRIPT} dictionaries.''",
  price =        "US\$1,800.00",
  acknowledgement = ack-nhfb,
  bibdate =      "Fri Jul 22 00:13:31 1994",
}

@Book{Smith:LPV90,
  author =       "Ross Smith",
  title =        "Learning {\POSTSCRIPT}---{A} Visual Approach",
  publisher =    pub-PEACHPIT,
  year =         "1990",
  address =      pub-PEACHPIT:adr,
  ISBN =         "0-938151-12-6",
  LCCN =         "QA76.73.P67 S55 1990",
  bibdate =      "Fri Jul 22 08:27:24 1994",
}

@Article{Snow:FORTH-APP-RES-4-2-211,
  author =       "Paul Snow and Cliff Click and Norman Naugle",
  title =        "{\POSTSCRIPT}",
  journal =      j-FORTH-APP-RES,
  year =         "1986",
  volume =       "4",
  number =       "2",
  pages =        "211--214",
  month =        jun,
  acknowledgement = ack-nhfb,
  bibdate =      "Fri Jul 22 00:32:03 1994",
}

@Book{Spring:HOP92,
  author =       "Michael B. Spring and David Dubin",
  title =        "Hands-On {\POSTSCRIPT}",
  publisher =    pub-HAYDEN,
  year =         "1992",
  ISBN =         "0-672-30185-7",
  LCCN =         "QA76.73.P67 S67 1992",
  address =      pub-HAYDEN:adr,
  pages =        "xx + 431",
  price =        "US\$29.95",
  bibdate =      "Tue Sep 21 10:50:17 1993",
  acknowledgement = ack-nhfb,
}

@Article{Strauss:PLJ-1-1-40,
  author =       "K. Strauss and A. Strauss",
  title =        "Connecting the {IBM PC} and the {Apple LaserWriter}",
  journal =      j-PLJ,
  year =         "1987",
  volume =       "1",
  number =       "1",
  pages =        "40--42",
  month =        may,
  acknowledgement = ack-nhfb,
  bibdate =      "Fri Jul 22 00:41:18 1994",
}

@Book{Thomas:PC88,
  author =       "Barry Thomas",
  title =        "A {\POSTSCRIPT} Cookbook",
  publisher =    pub-VNR,
  year =         "1988",
  ISBN =         "0-442-23686-7",
  LCCN =         "QA76.73.P67 T48 1989",
  address =      pub-VNR:adr,
  pages =        "viii + 144",
  price =        "US\$22.95",
  acknowledgement = ack-nhfb,
  bibdate =      "Fri Jul 22 11:34:04 1994",
}

@Book{Vollenmeider:EPS90,
  author =       "Peter Vollenmeider",
  title =        "Encapsulated {\POSTSCRIPT}: Applications for the
                 Macintosh and {PC}",
  publisher =    pub-PH # " and " # pub-HANSER,
  address =      pub-PH:adr # " and " # pub-HANSER:adr,
  year =         "1990",
  ISBN =         "0-13-275843-1",
  LCCN =         "QA76.73.P67V65 1990",
  price =        "US\$42.00",
  pages =        "xvii + 226",
  acknowledgement = ack-bkph,
  bibdate =      "Sat Nov 12 21:27:21 1994",
}

@Book{Webster:NB89,
  author =       "Bruce F. Webster",
  title =        "The {NeXT} Book",
  publisher =    pub-AW,
  year =         "1989",
  ISBN =         "0-201-15851-X (??invalid checksum??)",
  LCCN =         "QA76.8.N49 W43 1989",
  address =      pub-AW:adr,
  note =         "The chapter on the NeXT user interface discusses
                 Display {\POSTSCRIPT}.",
  pages =        "xxiv + 387",
  price =        "US\$22.07",
  acknowledgement = ack-nhfb,
  bibdate =      "Fri Jul 22 11:31:32 1994",
}

@Article{White:PC-COMPUTING-2-7-98,
  author =       "Ron White",
  title =        "{\POSTSCRIPT} Power without the Price",
  journal =      j-PC-COMPUTING,
  year =         "1989",
  volume =       "2",
  number =       "7",
  pages =        "98--105",
  acknowledgement = ack-nhfb,
  bibdate =      "Fri Jul 22 00:25:18 1994",
}

@Misc{Wood:plj,
  author =       "Patrick {Wood, editor}",
  title =        "{\POSTSCRIPT} {Language} {Journal}",
  howpublished = "Pipeline Associates, Inc., P. O. Box 5763, Parsippany,
                 NJ 07054",
}

@Article{Wood:PLJ-1-2-15,
  author =       "Patrick Wood",
  title =        "Typesetting: when gray isn't",
  journal =      j-PLJ,
  year =         "1987",
  volume =       "1",
  number =       "2",
  pages =        "15--19",
  month =        jun,
  acknowledgement = ack-nhfb,
  bibdate =      "Fri Jul 22 00:42:58 1994",
}

@Article{Wood:PLJ-1-3-19,
  author =       "Patrick Wood",
  title =        "Color separations on digital typesetters",
  journal =      j-PLJ,
  year =         "1987",
  volume =       "1",
  number =       "3",
  pages =        "19--25",
  month =        nov,
  acknowledgement = ack-nhfb,
  bibdate =      "Fri Jul 22 00:49:37 1994",
}

@Book{Earnshaw:WPS87,
  editor =       "Rae A. Earnshaw",
  title =        "Workstations and Publication Systems",
  booktitle =    "Workstations and Publication Systems",
  publisher =    pub-SV,
  address =      pub-SV:adr,
  year =         "1987",
  ISBN =         "0-387-96527-0, 3-540-96527-0",
  LCCN =         "Z286.E43 W67 1987",
  pages =        "viii + 229",
  price =        "US\$29.50",
  bibdate =      "Fri Jul 22 01:06:23 1994",
}

@Proceedings{Riehl:CTS89,
  title =        "Computing Trends in the 1990's: Seventeenth annual
                 {ACM} Computer Science Conference, February 21--23,
                 1989, Commonwealth Convention Center, Louisville,
                 {KY}",
  year =         "1989",
  ISBN =         "0-89791-299-3",
  LCCN =         "QA75.5 .A1371 1989",
  editor =       "Arthur M. Riehl",
  publisher =    pub-ACM,
  address =      pub-ACM:adr,
  price =        "US\$36.00",
  pages =        "xix + 491",
  acknowledgement = ack-nhfb,
  bibdate =      "Sat Sep 17 11:07:55 1994",
}

@Proceedings{Shipman:EPS86,
  key =          "EPS'86",
  title =        "Electronic Printing Systems: Directions in Digital
                 Imaging. Vol. 1, Technology. Palm Springs, {CA}, Feb.
                 9--13, 1986: Proceedings",
  year =         "1986",
  publisher =    "Dunn Technology, Inc.",
  address =      "Vista, CA",
  pages =        "429",
  price =        "US\$95.00",
  acknowledgement = ack-nhfb,
  bibdate =      "Fri Jul 22 12:28:59 1994",
}

@Proceedings{vanVliet:DMT88,
  title =        "Document Manipulation and Typography. Proceedings of
                 the International Conference on Electronic Publishing,
                 Document Manipulation and Typography, Nice (France),
                 April 20--22, 1988",
  year =         "1988",
  ISBN =         "0-521-36294-6",
  LCCN =         "Z286.E43 I57 1988",
  editor =       "J. C. van Vliet",
  publisher =    pub-CUP,
  address =      pub-CUP:adr,
  pages =        "288",
  price =        "US\$47.50",
  acknowledgement = ack-hk,
  bibdate =      "Fri Aug 19 12:02:21 1994",
}
