%%%  BibTeX-file{
%%%     author          = "Karl Berry",
%%%     version         = "1.30",
%%%     timestamp       = "Thu Jan 13 17:16:50 EST 1994",
%%%     filename        = "publish.bib",
%%%     address         = "135 Center Hill Rd.
%%%                        Plymouth, MA 02360
%%%                        USA",
%%%     checksum        = "05758 587 1558 15479",
%%%     email           = "karl at cs.umb.edu (Internet)",
%%%     codetable       = "ISO/ASCII",
%%%     keywords        = "publisher, bibliography",
%%%     supported       = "yes",
%%%     docstring       = "This file defines publisher and publisher
%%%                       address abbreviations.  Entries are
%%%                       alphabetical.  The abbreviations all start
%%%                       with the prefix `pub-'.
%%%
%%%                       Publisher tags are constructed by choosing
%%%                       one or two of the ``important'' words in the
%%%                       name, and possibly abbreviating them.
%%%                       `University' in a publisher name is
%%%                       abbreviated to just `u', or, more commonly,
%%%                       omitted entirely.  Bigger publishers get
%%%                       shorter abbreviations; for example,
%%%                       `Addison-Wesley' is just `pub-aw'.
%%%
%%%                       Address tags are the same as for the
%%%                       corresponding publishers, with the addition
%%%                       of the suffix `:adr'.  %%% For some of the
%%%                       large international publishing houses, I
%%%                       abbreviate the address.  You may wish to
%%%                       omit the address information entirely, as
%%%                       Mary-Claire van Leunen suggests.  Readers
%%%                       can find the address of Addison-Wesley, say,
%%%                       with little trouble.
%%%
%%%                       The checksum field above contains a CRC-16
%%%                       checksum as the first value, followed by the
%%%                       equivalent of the standard UNIX wc (word
%%%                       count) utility output of lines, words, and
%%%                       characters.  This is produced by Robert
%%%                       Solovay's checksum utility.",
%%% }
%%% ====================================================================

@Preamble{"\ifx\undefined\allcaps\def\allcaps#1{#1}\fi"}

@String{pub-aarhus = "Aarhus"}

@String{pub-academia = "Academia"}

@String{pub-academia:adr = "Prague"}

@String{pub-acad-pr = "Academic Press"}

% A.P.'s address could also be this:
%          = "Orlando, San Diego, New York, Austin, Boston, London,
%             Sydney, Tokyo, Toronto"
% or "Boston, MA, USA"
@String{pub-acad-pr:adr = "New York"}

@String{pub-acad-chicago = "Academy Chicago Publishers"}

@String{pub-acad-chicago:adr = "Chicago, IL"}

@String{pub-ace-scifi = "Ace Science Fiction Books"}

@String{pub-ace-scifi:adr = "New York"}

@String{pub-afcea = "AFCEA International Press"}

@String{pub-afcea:adr = "Fairfax, VA"}

@String{pub-avon = "Avon Books"}

@String{pub-avon:adr = "New York"}

@String{pub-amacom = "Amacom"}

@String{pub-amacom:adr = "New York"}

@String{pub-ams = "American Mathematical Society"}

@String{pub-ams:adr = "Providence, RI"}

@String{pub-anchor = "Anchor\slash Doubleday"}

@String{pub-anchor:adr = "Garden City, N.Y."}

@String{pub-ansi = "American National Standards Institute"}

@String{pub-ansi:adr = "1430 Broadway, New York, NY 10018, USA"}

@String{pub-argonne = "Argonne National Laboratory"}

@String{pub-argonne:adr = "Argonne, IL, USA"}

@String{pub-arizona = "University of Arizona Press"}

@String{pub-arizona:adr =  "Tucson, AZ"}

@String{pub-artech = "Artech House"}

@String{pub-artech:adr = "Norwood, MA"}

@String{pub-aw = "Ad{\-d}i{\-s}on-Wes{\-l}ey"}

@String{pub-aw:adr = "Reading, MA, USA"}

@String{pub-aw-Can:adr    = "Don Mills, Ontario, Canada"}

@String{pub-ballantine = "Ballantine Books"}

@String{pub-ballantine:adr = "New York"}

@String{pub-bantam = "Bantam Books"}

@String{pub-bantam:adr = "Toronto"}

@String{pub-barre = "Barre Publishers"}

% Harvey:LD75 says to address inquiries to Clarkson N. Potter, Inc. /
% One Park Avenue / New York, NY 10016.
@String{pub-barre:adr = "Barre, MA" }

@String{pub-basic = "Basic Books"}

@String{pub-basic:adr = "New York"}

@String{pub-belknap = "Belknap Press of Harvard University Press"}

@String{pub-belknap:adr =  "Cambridge, \allcaps{MA} and London"}

@String{pub-berkley = "Berkley University Press"}

@String{pub-bi-wiss = "BI-Wissenschaftsverlag"}

@String{pub-bi-wiss:adr = "Mannheim, Wien, Z{\"u}rich"}

@String{pub-bib-soc = "Bibliographical Society"}

@String{pub-bib-soc:adr = "London, UK"}

@String{pub-bib-soc-usa = "Bibliographical Society of America"}

@String{pub-bib-soc-usa:adr = "New York, NY, USA"}

@String{pub-birkhauser = "Birkh{\"a}user Verlag"}

@String{pub-birkhauser:adr = "Basel"}

@String{pub-bobbs-merrill = "Bobbs-Merrill"}

@String{pub-bobbs-merrill:adr = "Indianapolis\slash New York"}

@String{pub-bookman       = "Bookman"}

@String{pub-bookman:adr   = "Taipei, Taiwan"}

@String{pub-braziller = "George Braziller"}

@String{pub-braziller:adr = "New York"}

@String{pub-chartwell = "Chartwell Books"}

% 110 Enterprise Avenue, Secaucus NJ 07094 in Atlas of Typeforms.
@String{pub-chartwell:adr = "Secaucus"}

@String{pub-clarendon = "Clarendon Press"}

@String{pub-clarendon:adr = "Oxford"}

@String{pub-CLUT          = "Edizioni Cooperativa Libraria Universitaria
                            Torino"}

@String{pub-CLUT:adr      = "Corso Duca degli Abruzzi, 24, I 10129 Torino,
                             Italy"}

@String{pub-cnrs-paris = "\allcaps{CNRS} Paris"}

@String{pub-columbia = "Columbia University Press"}

@String{pub-columbia:adr = "New York"}

@String{pub-cornell = "Cornell University Press"}

@String{pub-cornell:adr = "Ithaca"}

@String{pub-cps = "Cambridge Philosophical Society"}

@String{pub-crc = "CRC Publishers"}

@String{pub-crc:adr = "Boca Raton, FL"}

@String{pub-cup = "Cambridge University Press"}

% CUP's address could also be this:
%  = "Cambridge, New York, New Rochelle, Melbourne, Sydney"}
% or just `New York'.
@String{pub-cup:adr = "Cambridge, U.K."}

@String{pub-doubleday = "Doubleday \& Co."}

@String{pub-doubleday:adr = "Garden City, N.Y."}

@String{pub-dover = "Dover Publications"}

% 180 Varick Street, New York, NY 10014 in Classic Roman Alphabets.
@String{pub-dover:adr = "New York"}

@String{pub-eff = "Publications of the EFF"}

@String{pub-eff:adr = "Cambridge, MA"}

@String{pub-fach = "Fachbuchverlag"}

@String{pub-fach:adr = "Leipzig"}

@String{pub-farrar = "Farrar, Strauss, and Giroux"}

@String{pub-farrar:adr = "New York"}

@String{pub-free = "Free Press"}

@String{pub-free:adr = "New York"}

@String{pub-freeman = "W.H. Freeman"}

@String{pub-freeman:adr = "San Francisco, New York"}

@String{pub-gauthier = "Gauthier-Villars"}

@String{pub-garmisch = "Garmisch-Partenkirchen"}

@String{pub-godine = "David R. Godine"}

@String{pub-godine:adr = "Boston"}

@String{pub-grolier = "Grolier Club"}

@String{pub-grolier:adr = "New York"}

@String{pub-grove = "Grove Press"}

@String{pub-grove:adr = "New York"}

@String{pub-harcourt-brace-jovanovich = "Harcourt, Brace, Jovanovich"}

@String{pub-harcourt-brace-jovanovich:adr = "San Diego, CA"}

@String{pub-harcourt-brace-world = "Harcourt, Brace, \& World"}

@String{pub-harcourt-brace-world:adr = "New York"}

@String{pub-harper-row = "Harper \& Row"}

@String{pub-harper-row:adr = "New York"}

@String{pub-harvard = "Harvard University Press"}

@String{pub-harvard:adr = "Cambridge, Mass."}

@String{pub-heath = "Heath"}

@String{pub-hermann = "Hermann"}

@String{pub-hermann:adr = "Paris"}

@String{pub-hilger = "Adam Hilger Ltd., Bristol"}

@String{pub-houghton-mifflin = "Houghton-Mifflin"}

@String{pub-houghton-mifflin:adr = "Boston"}

@String{pub-hrw = "Holt, Rinehart and Winston"}

@String{pub-hutch-ross = "Hutchinson Ross Publishing Co."}

@String{pub-hutch-ross:adr = "Colorado"}

@String{pub-mittag-leffler = "Institut Mittag-Leffler"}

@String{pub-hunter = "Hunter House"}

@String{pub-hunter:adr = "Pomona, CA"}

@String{pub-ieee = "IEEE Press"}

@String{pub-ieee:adr = "New York"}

@String{pub-ig = "International General"}

@String{pub-ig:adr = "New York"}

@String{pub-indiana = "Indiana University Press"}

@String{pub-indiana:adr = "Bloomington"}

@String{pub-inst-adv-study = "Institute for Advanced Study"}

@String{pub-inst-adv-study:adr = "Princeton, NJ"}

@String{pub-intersci = "Interscience Publishers"}

@String{pub-intersci:adr = "New York"}

@String{pub-johns-hopkins = "Johns Hopkins Press"}

@String{pub-johns-hopkins:adr = "Baltimore"}

@String{pub-jones-bartlett = "Jones and Bartlett"}

@String{pub-jones-bartlett:adr = "Boston"}

@String{pub-kluwer = "Kluwer Academic Publishers Group"}

@String{pub-kluwer:adr = "Dordrecht, The Netherlands"}

@String{pub-knopf = "Alfred A. Knopf"}

@String{pub-knopf:adr = "New York"}

@String{pub-longman = "Longman Scientific and Technical"}

@String{pub-longman:adr = "Harlow, Essex"}

@String{pub-loompanics = "Loompanics Unlimited"}

@String{pub-loompanics:adr = "Port Townsend, WA"}

@String{pub-macmillan = "MacMillan"}

@String{pub-macmillan:adr = "New York"}

@String{pub-math-assoc-amer = "Mathematical Association of America"}

@String{pub-math-assoc-amer:adr = "Washington, DC"}

@String{pub-mcgraw-hill = "McGraw-Hill"}

@String{pub-mcgraw-hill:adr = "New York"}

@String{pub-mediterranean = "Mediterranean Press"}

@String{pub-mediterranean:adr = "Bethesda"}

@String{pub-mit = "MIT Press"}

@String{pub-mit:adr = "Cambridge, MA"}

@String{pub-morgan-kaufmann = "Morgan Kaufmann"}

@String{pub-morgan-kaufmann:adr = "San Mateo"}

@String{pub-nal = "New American Library"}

@String{pub-nal:adr = "New York"}

@String{pub-natl-academic-press = "National Academic Press"}

@String{pub-natl-academic-press:adr = "Washington, \allcaps{DC}"}

@String{pub-n-holland = "North Holland-Elsevier Science Publishers"}

@String{pub-n-holland:adr = "Amsterdam, New York, Oxford"}

@String{pub-math-orsay = "Publications Math{\'e}matiques d'Orsay"}

@String{pub-omega = "Omega Books Ltd."}

@String{pub-omega:adr = "1 West Street, Ware, Hertfordshire"}

@String{pub-oxford = "Oxford University Press"}

@String{pub-oxford:adr = "New York, Oxford"}

@String{pub-pantheon = "Pantheon Books"}

@String{pub-pantheon:adr = "New York"}

@String{pub-penguin = "Penguin Books"}

@String{pub-penguin:adr = "Harmondsworth, U.K."}

@String{pub-pergamon = "Pergamon"}

@String{pub-pergamon:adr = "New York"}

@String{pub-pitman-advanced = "Pitman Advanced Publishing Company"}

@String{pub-pitman = "Pitman"}

@String{pub-pitman:adr = "Boston"}

@String{pub-plenum = "Plenum Press"}

@String{pub-plenum:adr = "New York and London"}

@String{pub-pocket = "Pocket Books"}

@String{pub-pocket:adr = "New York"}

@String{pub-praeger = "Praeger Publishers"}

@String{pub-praeger:adr = "New York"}

@String{pub-prentice-hall = "Prentice-Hall"}

@String{pub-prentice-hall:adr = "Englewood Cliffs, N.J."}

@String{pub-princeton = "Princeton University Press"}

@String{pub-princeton:adr = "Princeton"}

@String{pub-putnam = "G.P. Putnam"}

@String{pub-putnam:adr = "New York"}

@String{pub-qed-info = "QED Information Sciences, Inc."}

@String{pub-qed-info:adr = "Wellesley, MA"}

@String{pub-random = "Random House"}

@String{pub-random:adr = "New York"}

@String{pub-reidel = "D. Reidel"}

@String{pub-reidel:adr = "Dordrecht, Boston, Lancaster, Tokyo"}

@String{pub-reinhardt-winston = "Reinhart \& Winston"}

@String{pub-reinhardt-winston:adr = "New York"}

@String{pub-routledge =  "Routledge \& Kegan Paul"}

@String{pub-routledge:adr = "London and New York"}

@String{pub-scherz = "Scherz Verlag"}

@String{pub-scherz:adr = "Bern, M{\"u}nchen, Wien"}

@String{pub-schirmer = "Schirmer Books"}

@String{pub-schirmer:adr = "New York"}

@String{pub-scott-u-ss
  = "Scottish Universities Summer School in Physics Publications"}

@String{pub-scott-u-ss:adr = "Edinburgh"}

@String{pub-siam = "SIAM Publ."}

@String{pub-siam:adr = "Philadelphia"}

@String{pub-simon-schuster = "Simon and Schuster"}

@String{pub-simon-schuster:adr = "New York"}

@String{pub-spartan = "Spartan Books"}

@String{pub-spie = "\allcaps{SPIE} Optical Engineering Press"}

@String{pub-spie:adr = "Bellingham, WA"}

@String{pub-springer = "Springer-Verlag"}

% S-V's address could also be this:
%  = "Berlin, Heidelberg, New York, London, Paris, Tokyo, Hong Kong"}
@String{pub-springer:adr = "Berlin"}

@String{pub-st-martins = "St.\ Martins Press"}

@String{pub-st-martins:adr = "New York"}

@String{pub-taplinger = "Taplinger Publishing Co."}

@String{pub-taplinger:adr = "New York"}

@String{pub-thames-hudson = "Thames and Hudson, Inc."}

@String{pub-thames-hudson:adr = "New York"}

@String{pub-teubner = "Teubner"}

@String{pub-teubner:adr = "Stuttgart, Leipzig"}

@String{pub-u-bremen = "Universit{\"a}t Bremen"}

@String{pub-u-cal = "University of California Press"}

@String{pub-u-cal:adr = "Berkeley"}

@String{pub-u-chicago = "University of Chicago Press"}

@String{pub-u-chicago:adr = "Chicago"}

@String{pub-u-columbia = "Columbia University Press"}

@String{pub-u-columbia:adr = "New York"}

@String{pub-u-ill = "University of Illinois Press"}

@String{pub-u-michigan = "University of Michigan Press"}

@String{pub-u-michigan:adr = "Ann Arbor"}

@String{pub-u-nc = "University of North Carolina Press"}

@String{pub-u-nc:adr = "Chapel Hill"}

@String{pub-u-penn = "University of Pennsylvania Press"}

@String{pub-u-penn:adr = "Philadelphia"}

@String{pub-u-toronto = "University of Toronto Press"}

@String{pub-u-toronto:adr = "Toronto"}

@String{pub-u-nis = "University of Ni{\v s}"}

@String{pub-u-nis:adr = "Ni{\v s}"}

@String{pub-u-notre-dame = "University of Notre Dame Press"}

@String{pub-u-notre-dame:adr = "Notre Dame"}

@String{pub-u-wayne-state = "Wayne State University Press"}

@String{pub-u-wayne-state:adr = "Detroit"}

@String{pub-us-gpo = "U.S. Government Printing Office"}

@String{pub-us-gpo:adr = "Washington, DC"}

@String{pub-viking = "Viking Press"}

@String{pub-viking:adr = "New York"}

@String{pub-vintage = "Vintage"}

@String{pub-vintage:adr = "New York"}

@String{pub-vnr = "Van Nostrand Reinhold Company Inc."}

% \book{Typographic Design} has 115 Fifth Ave. / New York, NY 10003.
% (And addresses in other countries.)
@String{pub-vnr:adr = "New York"}

@String{pub-wadsworth = "Wadsworth"}

@String{pub-wadsworth:adr = "Belmont, Calif."}

@String{pub-gruyter = "Walter de Gruyter"}

@String{pub-gruyter:adr = "New York"}

@String{pub-watson-guptill = "Watson-Guptill Publications"}

% 1515 Broadway / New York, NY 10036, in \book{Designing with Type} and
% \book{The Art of Typography}.
@String{pub-watson-guptill:adr = "New York"}

@String{pub-westview = "Westview Press"}

@String{pub-westview:adr = "Boulder, CO"}

@String{pub-wiley = "John Wiley \& Sons"}

@String{pub-wiley:adr = "New York, London, Sydney"}

@String{pub-world = "World Publishing Co."}

@String{pub-world:adr = "Cleveland, Ohio"}

@String{pub-world-sci = "World Scientific"}

@String{pub-world-sci:adr = "Singapore, Philadelphia"}

@String{pub-wwnorton = "W.W. Norton"}

@String{pub-wwnorton:adr = "New York"}

@String{pub-yale = "Yale University Press"}

@String{pub-yale:adr = "New Haven, Conn."}
