%%% ====================================================================
%%%  BibTeX-file{
%%%     author          = "Nelson H. F. Beebe",
%%%     version         = "1.09",
%%%     date            = "12 March 1994",
%%%     time            = "18:05:25 MST",
%%%     filename        = "standard.bib",
%%%     address         = "Center for Scientific Computing
%%%                        Department of Mathematics
%%%                        University of Utah
%%%                        Salt Lake City, UT 84112
%%%                        USA",
%%%     telephone       = "+1 801 581 5254",
%%%     FAX             = "+1 801 581 4148",
%%%     checksum        = "00450 345 1195 11372",
%%%     email           = "beebe at csc-sun.math.utah.edu (Internet)",
%%%     codetable       = "ISO/ASCII",
%%%     keywords        = "standard",
%%%     supported       = "yes",
%%%     docstring       = "This bibliography collects references to
%%%                        publications on software standards.
%%%
%%%                        The checksum field above contains a CRC-16
%%%                        checksum as the first value, followed by the
%%%                        equivalent of the standard UNIX wc (word
%%%                        count) utility output of lines, words, and
%%%                        characters.  This is produced by Robert
%%%                        Solovay's checksum utility.",
%%%  }
%%% ====================================================================

@Preamble{"\input bibnames.sty "
        # "\input path.sty "
}

@String{ack-kb  = "Karl Berry,
                   e-mail: \path|karl@cs.umb.edu|"}
@String{ack-nhfb = "Nelson H. F. Beebe,
                    Center for Scientific Computing,
                    Department of Mathematics,
                    University of Utah,
                    Salt Lake City, UT 84112, USA,
                    Tel: +1 801 581 5254,
                    FAX: +1 801 581 4148,
                    e-mail: \path|beebe@math.utah.edu|"}

@String{j-CACM          = "Communications of the Association for Computing
                           Machinery"}
@String{j-SIGPLAN       = "ACM SIG{\-}PLAN Notices"}

@String{pub-ANSI        = "American National Standards Institute"}
@String{pub-ANSI:adr    = "1430 Broadway, New York, NY 10018, USA"}
@String{pub-B/C         = "Benjamin/Cummings"}
@String{pub-B/C:adr     = "390 Bridge Pkwy., Redwood City, CA 94065, USA"}
@String{pub-IEEE        = "IEEE Computer Society"}
@String{pub-IEEE:adr    = "345 E. 47th St, New York, NY 10017, USA"}
@String{pub-WI          = "Wiley-In{\-}ter{\-}sci{\-}ence"}
@String{pub-WI:adr      = "New York, NY, USA"}

@Manual{ANSI:ada,
  title =        "Military Standard {Ada} Programming Language",
  organization = pub-ANSI,
  address =      pub-ANSI:adr,
  year =         "1983",
  month =        feb # " 17",
  note =         "Also MIL-STD-1815A.",
  acknowledgement = ack-nhfb,
}

@Manual{ANSI:c86,
  title =        "Draft Proposed American National Standard Programming
                 Language C",
  organization = pub-ANSI,
  address =      pub-ANSI:adr,
  year =         "1986",
  month =        oct # " 1",
  acknowledgement = ack-nhfb,
}

@Manual{ANSI:c88,
  title =        "Draft Proposed American National Standard Programming
                 Language C",
  organization = pub-ANSI,
  address =      pub-ANSI:adr,
  year =         "1988",
  month =        jan # " 11",
  acknowledgement = ack-nhfb,
}

@Manual{ANSI:c88b,
  title =        "Draft Proposed American National Standard Programming
                 Language C",
  organization = pub-ANSI,
  address =      pub-ANSI:adr,
  year =         "1988",
  month =        oct # " 31",
  acknowledgement = ack-nhfb,
}

@Manual{ANSI:c89,
  title =        "American National Standard Programming Language C,
                 {ANSI} X3.159-1989",
  organization = pub-ANSI,
  address =      pub-ANSI:adr,
  year =         "1989",
  month =        dec # " 14",
  acknowledgement = ack-nhfb,
}

@Manual{ANSI:ftn66,
  title =        "{ANSI} {Fortran} {X}3.9-1966",
  organization = pub-ANSI,
  address =      pub-ANSI:adr,
  year =         "1966",
  note =         "Approved March 7, 1966 (also known as Fortran 66).
                 See also subsequent clarifications \cite{ANSI:ftn69}
                 and \cite{ANSI:ftn71}.",
  acknowledgement = ack-nhfb,
}

@Article{ANSI:ftn69,
  author =       "ANSI Subcommittee X3J3",
  title =        "Clarification of {Fortran} Standards\emdash Ini\-tial
                 Progress",
  journal =      j-CACM,
  year =         "1969",
  volume =       "12",
  pages =        "289--294",
  note =         "See also \cite{ANSI:ftn66}.",
  acknowledgement = ack-nhfb,
}

@Article{ANSI:ftn71,
  author =       "ANSI Subcommittee X3J3",
  title =        "Clarification of {Fortran} Standards\emdash Second
                 Report",
  journal =      j-CACM,
  year =         "1971",
  volume =       "14",
  pages =        "628--642",
  note =         "See also \cite{ANSI:ftn66}.",
  acknowledgement = ack-nhfb,
}

@Article{ANSI:ftn76,
  author =       "ANSI Subcommittee X3J3",
  title =        "Draft Proposed {ANS} {Fortran}",
  journal =      j-SIGPLAN,
  year =         "1976",
  volume =       "11",
  number =       "3",
  note =         "See also final standard \cite{ANSI:ftn77}.",
  acknowledgement = ack-nhfb,
}

@Manual{ANSI:ftn77,
  title =        "{ANSI} {Fortran} X3.9--1978",
  organization = pub-ANSI,
  address =      pub-ANSI:adr,
  year =         "1978",
  note =         "Approved April 3, 1978 (also known as Fortran 77).",
  acknowledgement = ack-nhfb,
}

@Manual{ANSI:ftn8x,
  title =        "Draft Proposed {ANSI} {Fortran} X3.9--198x",
  organization = pub-ANSI,
  address =      pub-ANSI:adr,
  year =         "1987",
  month =        sep # " 18",
  acknowledgement = ack-nhfb,
}

@Manual{ANSI:ftn9x,
  title =        "Draft Proposed {American National Standard}
                 Programming Language {Fortran} Extended X3.198--199x",
  organization = pub-ANSI,
  address =      pub-ANSI:adr,
  year =         "1990",
  month =        sep # " 24",
  acknowledgement = ack-nhfb,
}

@Manual{ANSI:gks,
  title =        "Information Systems\emdash Com\-puter Graphics\emdash
                 Graph\-i\-cal Kernel System ({GKS}). {ANSI}
                 X3.124-1985",
  organization = pub-ANSI,
  address =      pub-ANSI:adr,
  year =         "1985",
  note =         "Includes Fortran bindings to GKS.",
  acknowledgement = ack-nhfb,
}

@Manual{ANSI:metafile,
  title =        "Information Systems\emdash Com\-puter Graphics\emdash
                 Meta\-file for the Storage and Transfer of Picture
                 Description Information. {ANSI} X3.122-1986",
  organization = pub-ANSI,
  address =      pub-ANSI:adr,
  year =         "1986",
  acknowledgement = ack-nhfb,
}

@Manual{ANSI:pascal,
  title =        "The Pascal Programming Language. {ANSI\slash IEEE}
                 770X3.97-1983",
  organization = pub-ANSI,
  address =      pub-ANSI:adr,
  year =         "1983",
  acknowledgement = ack-nhfb,
}

@Manual{ANSI:phigs,
  title =        "Information Systems\emdash Com\-puter Graphics\emdash
                 Pro\-gram\-mer's Hierarchical Interactive Graphical
                 System. Draft proposal X3.144.1988",
  organization = pub-ANSI,
  address =      pub-ANSI:adr,
  year =         "1988",
  acknowledgement = ack-nhfb,
}

@Manual{ANSI:phigs+,
  title =        "{PHIGS}+ Functional Description, Revision 2.0",
  organization = pub-ANSI,
  address =      pub-ANSI:adr,
  month =        jul # " 20",
  year =         "1987",
  acknowledgement = ack-nhfb,
}

@Manual{IEEE:p754,
  title =        "{ANSI}\slash {IEEE} 754-1985, Standard for Binary
                 Floating-Point Arithmetic",
  author =       "IEEE Task P754",
  organization = "IEEE, New York",
  year =         "1985",
  month =        aug # " 12",
  note =         "A preliminary draft was published in the January 1980
                 issue of IEEE Computer, together with several
                 companion articles. Available from the IEEE Service
                 Center, Piscataway, NJ, USA.",
  acknowledgement = ack-nhfb,
}

@Book{IEEE:ITU85,
  author =       "IEEE",
  title =        "{IEEE} Trial-Use Standard Specifications for
                 Microprocessor Operating Systems Interfaces",
  publisher =    pub-WI,
  address =      pub-WI:adr,
  year =         "1985",
  note =         "IEEE {Std}. 855.",
  ISBN =         "0-471-01073-1",
  LCCN =         "QA76.5 .I23 1985",
  pages =        "173",
  bibdate =      "Wed Dec 15 10:35:06 1993",
}

@Book{IEEE:ITU86,
  author =       "IEEE",
  title =        "{IEEE} Trial-Use Standard Portable Operating System
                 for Computer Environments",
  publisher =    pub-WI,
  address =      pub-WI:adr,
  year =         "1986",
  edition =      "{IEEE} {Std} 1003.1",
  month =        apr,
  ISBN =         "0-471-85027-6",
  LCCN =         "TK 275 I5 Std 1003.1",
  pages =        "207",
  bibdate =      "Wed Dec 15 10:34:55 1993",
}

@Proceedings{IEEE:workstations,
  key =          "IEEE",
  title =        "Proceedings of the 2nd {IEEE} Conference on Computer
                 Workstations",
  year =         "1988",
  publisher =    pub-IEEE,
  address =      pub-IEEE:adr,
  month =        mar # " 7--10",
  acknowledgement = ack-nhfb,
  bibdate =      "Sun Dec 12 13:22:15 1993",
}

@Book{IEEE:POSIX.1-90,
  key =          "POSIX.1-90",
  title =        "System Application Program Interface ({API}) [C
                 Language]",
  publisher =    pub-IEEE,
  address =      pub-IEEE:adr,
  year =         "1990",
  series =       "Information technology---Portable Operating System
                 Interface ({POSIX})",
  ISBN =         "1-55937-061-0",
  LCCN =         "90-084554",
  ISO-standard-number = "ISO/IEC 9945-1: 1990",
  IEEE-standard-number = "IEEE Std 1003.1-1990",
  acknowledgement = ack-kb,
}

@Book{IEEE:POSIX.2-93-vol1,
  key =          "POSIX.2-93 vol 1",
  title =        "Portable Operating System Interface ({POSIX})---Part
                 2: Shell and Utilities (Volume 1)",
  pages =        "1--750",
  contents =     "Sections 1--7, Annexes A--C",
  publisher =    pub-IEEE,
  address =      pub-IEEE:adr,
  year =         "1993",
  series =       "Information technology---Portable Operating System
                 Interface ({POSIX})",
  ISBN =         "1-55937-255-9",
  IEEE-standard-number = "IEEE Std 1003.2-1992",
  acknowledgement = ack-kb,
}

@Book{IEEE:POSIX.2-93-vol2,
  key =          "POSIX.2-93 vol 2",
  title =        "Portable Operating System Interface ({POSIX})---Part
                 2: Shell and Utilities (Volume 2)",
  pages =        "751--1195",
  contents =     "Annexes D--H",
  publisher =    pub-IEEE,
  address =      pub-IEEE:adr,
  year =         "1993",
  series =       "Information technology---Portable Operating System
                 Interface ({POSIX})",
  ISBN =         "1-55937-255-9",
  IEEE-standard-number = "IEEE Std 1003.2-1992",
  acknowledgement = ack-kb,
}

@Book{Zlotnick:PSP-91,
  author =       "Fred Zlotnick",
  title =        "The {POSIX.1} Standard: A Programmer's Guide",
  publisher =    pub-B/C,
  year =         "1991",
  address =      pub-B/C:adr,
  ISBN =         "0-8053-9605-5",
  LCCN =         "QA76.76.O63 Z57",
  acknowledgement = ack-kb,
}
